2967 4825
248 253 302 339 ρο
468 198 477 234 ⁷
553 181 774 323 urcalmrs¹
804 239 1065 315 autumate
1147 252 1153 262 ’

249 454 309 517 ρου
332 452 374 505 ως
396 428 460 493 τιόν
482 416 564 491 κατά
585 414 703 485 σκοπόν
723 412 769 500 μὴ
798 406 1086 537 διαμαρτὴσαντας.
1130 406 1298 493 ἠρίστευσε
1319 405 1359 471 δέ
1463 431 1464 480 1

250 536 345 598 πλέον
366 530 427 596 τοόν
445 518 549 591 ἄλλων
570 523 625 585 καί
647 514 797 603 κραταιός
825 514 859 579 έν
877 510 977 632 τούτφ
1006 535 1050 598 τφ
1036 510 1198 596 ’πολέμῳ
1220 508 1359 591 έδείχθη

135 698 138 701 .
251 656 304 697 και
299 625 513 752 περιβόητος
533 617 718 741 Νικηφόρος
738 614 912 700 μάγιστρος
945 612 961 675 6
985 609 1258 693 Βοτανειάτης,’
1242 633 1277 673 en
1299 610 1359 690 γέ-

197 729 200 739 ’
251 757 325 810 νους
343 730 427 814 έχων
447 725 623 812 ἐπιφανοῦς
645 719 680 785 τό
702 716 735 783 έν
759 724 827 793 ταῖς
847 716 1052 800 στρατηγίαις
1067 710 1123 777 καί
1143 716 1209 787 τοϊς
1230 704 1361 795 α’νδρα-

252 831 437 923 γαθήμαοιν
459 825 668 911 ἐκδηλότατον
691 845 745 885 και
738 818 924 896 ἐπίδοξον
1368 816 1387 868 5

357 936 401 1021 Τῇ
432 934 459 995 δ’
482 928 614 1013 ἐπιούση
647 920 704 998 τάς
738 918 889 1001 δυνάμεις
911 915 1092 1003 άνειληφάς
1123 916 1178 1000 τῆς
1198 912 1280 998 πρὸς
1300 907 1360 997 τήν
1463 873 1464 982 6

147 1042 151 1049 ”
211 1086 215 1097 «
252 1035 406 1121 βασιλίδα
437 1026 598 1118 φερούσης
631 1018 754 1108 ἥπτετο.
810 1022 866 1085 ταί
879 1018 958 1106 πρό
991 1022 1050 1083 τού
1070 1025 1137 1092 ταῖς
1157 1012 1361 1100 πραποντίοις
1424 1070 1439 1121 Ι,

253 1134 460 1223 προσεγγίσαι
481 1122 676 1213 τῆςπόλεως,
694 1125 793 1207 βουλή
818 1125 905 1207 παρά
927 1122 1020 1187 τινοόν
1035 1123 1096 1186 τῶν
1118 1121 1152 1185 έν
1171 1121 1254 1182 τέλει
1277 1114 1359 1181 ιιατδ

254 1238 311 1303 τού
334 1230 555 1316 βασιλεύοντος
578 1231 619 1293 έν.
635 1223 971 1295 Κωνσταντινουπόλει
995 1215 1140 1305 ἧρτύετα.
1164 1215 1226 1285 εἴτε
1246 1218 1283 1283 δὲ
1306 1218 1365 1281 καί

136 1377 141 1388 1
255 1337 348 1422 ὁτῆς
370 1327 611 1419 ἀρχιερωσύνης
643 1323 779 1411 ἔξαρχος
810 1324 864 1389 καί
886 1320 1105 1445 πατριάρχης,
1138 1320 1155 1385 6
1184 1313 1363 1405 Κηραυλα-
1374 1330 1408 1383 10

256 1458 323 1523 ριος
340 1429 541 1516 κειαινιύνηιιε
571 1427 695 1502 τούτοις
724 1429 780 1510 τῆς
807 1426 970 1519 σκέψεως,
990 1420 1054 1489 εἴτε
1077 1424 1131 1487 ναί
1150 1419 1219 1507 μη,
1240 1412 1365 1504 ἄδηλον
1463 1499 1464 1516 ,

256 1535 310 1602 καί
330 1534 491 1620 προφανὲς
520 1532 627 1595 αύδέν.
680 1550 767 1610 ομως
787 1528 856 1592 δ
840 1550 875 1591 ειι
897 1523 1089 1650 πραληψεων
1116 1526 1172 1589 ταί
1191 1523 1255 1587 τάν
1274 1516 1365 1601 μετά

255 1628 357 1705 ταῦτα
380 1634 632 1715 συνενεχθέντων
653 1627 692 1693 τά
717 1632 774 1713 τῆς
789 1624 942 1703 ύπονοίας
965 1627 1010 1701 εἰς
1035 1622 1188 1710 ’άληθείας
1209 1618 1368 1705 άμυδράν

139 1730 143 1743 ’
175 1779 178 1782 -
257 1732 520 1825 πρανεχοιρύιιασι
548 1728 709 1816 ἔμφασιν·
762 1734 817 1795 καί
845 1725 909 1814 γάρ
932 1751 973 1848 τιρ
1003 1727 1160 1845 Koprqs6
1189 1721 1231 1789 τά
1257 1719 1367 1787 πάντα

255 1826 534 1951 συνδιαφέρων
512 1858 551 1919 ην
582 1831 638 1897 καί
669 1830 884 1916 συμπράττων
914 1827 969 1893 καί
999 1829 1056 1911 τῆς
1086 1824 1211 1911 πραότης
1241 1825 1368 1907 βαυλης
1378 1845 1464 1901 15

255 1932 501 2025 γινιοσνύμευας,
530 1932 575 2007 άς
594 1956 647 1997 ναι
671 1934 726 2015 τῆς
746 1932 857 2016 φιλίας
888 1932 942 1993 καί
960 1931 1015 2011 τῆς
1038 1928 1129 2003 α’ξίας
1147 1925 1203 1991 καί
1221 1926 1278 2010 τῆς
1296 1924 1365 2008 άγ-

255 2036 397 2117 χιοτειας
419 2028 602 2115 έγγύτατος,
637 2025 654 2092 6
686 2026 866 2113 βεστάρχης
900 2030 1137 2102 Κωνσταντϊνας
1169 2026 1187 2087 6
1220 2022 1367 2107 Actiacae,

257 2124 434 2219 άδελφιδῆς
458 2132 517 2196 τού
544 2127 747 2215 πατριάρχου
768 2130 918 2203 σύντονος
940 2128 1181 2208 καθιστάμεας,
1205 2132 1260 2195 ιιαί
1281 2132 1368 2193 παλ-

75 2276 78 2283 *
137 2232 315 2319 1.178ιίληυ
339 2226 465 2300 εύναιαν
487 2228 596 2307 διδούς
616 2234 671 2296 καί
693 2228 866 2313 λαμβάνων
879 2232 1011 2294 sarran.
1054 2223 1124 2295 εἶτα
1146 2233 1203 2313 τῆς
1223 2250 1368 2314 τυρευα-

256 2339 352 2421 μένης
373 2334 491 2419 βουλῆς
510 2335 692 2420 ἐκραγείσης
724 2334 875 2416 εἰσῆλθον
902 2324 1039 2405 άπαντες
1069 2327 1099 2394 οἱ
1125 2331 1243 2416 ταύτης
1263 2326 1410 2415 έξάρ-γα

256 2459 376 2521 χοντες,
400 2430 443 2510 ιδς
466 2437 577 2500 δὲκαὶ
598 2431 629 2498 οἱ
648 2436 971 2516 ουμμετέχοντες,..
994 2431 1079 2499 ,καί
1098 2435 1245 2516 μέγιστον
1266 2434 1368 2515 τέμε-

259 2561 311 2615 νος
333 2541 389 2622 τῆς
418 2541 477 2602 τού
500 2538 583 2600 esent
608 2531 748 2618 μεγάλης
765 2536 893 2620 σοφίας,
914 2534 1123 2619 σκηπτόμενοι
1152 2531 1206 2598 τόν
1224 2536 1369 2617 βασιλέα

259 2636 316 2716 τὰς
336 2633 495 2723 ουνδηκας
518 2629 611 2723 σφόν
633 2631 833 2721 προδιδόναι,
858 2635 1100 2718 διομοσαμένων
1121 2630 1177 2699 τόν
1190 2631 1367 2720 Καμνηνόν

331 2799 374 2854 20.
393 2773 793 2888 margo'xuwlrxevatopmr
843 2856 850 2864 ¹
885 2797 957 2849 21.
978 2797 1090 2867 ..165
1105 2791 1136 2852 τό
1152 2795 1366 2872 περιύννμαυλ
1406 2883 1410 2887 ’

261 2971 373 3020 vocatus
394 2972 420 3016 et
438 2963 551 3018 illustris
571 2978 662 3017 omnes
682 2961 928 3031 exspectationibus
946 2961 1102 3027 extollebat,
1121 2963 1196 3032 quasi
1214 2964 1365 3018 aliusnon

262 3037 439 3090 aberraturos.
478 3035 668 3104 exsplendebat
686 3043 773 3087 autem
790 3032 874 3104 magis'
900 3036 997 3088 ceteris
1022 3043 1049 3086 et
1076 3037 1152 3087 lortis
1170 3037 1198 3088 in
1215 3035 1268 3088 boc
1285 3035 1366 3089 bello

263 3109 385 3178 apparuit
413 3117 439 3159 et
464 3108 551 3160 clarus
575 3106 742 3175 Nicephorus
770 3109 898 3175 magister
915 3107 1069 3159 Botaniates
1098 3122 1113 3157 e
1137 3123 1239 3176 genere
1258 3107 1365 3161 babens

221 3180 224 3184 ’
263 3180 362 3240 illustri
381 3180 550 3247 splendorem
570 3188 597 3232 et
614 3179 728 3248 gloriam
748 3179 853 3246 imperii
872 3187 900 3230 et
924 3179 1040 3232 virtutis.

362 3250 472 3304 Postero
492 3261 580 3304 autem
599 3253 642 3304 (lie
661 3253 734 3304 vires
753 3251 888 3317 recipiens
907 3251 935 3301 in
954 3251 1008 3314 ria,
1027 3266 1096 3320 quae
1115 3253 1147 3304 ael
1166 3251 1266 3320 regiam
1285 3251 1365 3304 iere·
1449 3309 1455 3313 ,

262 3323 315 3386 bat,
335 3325 375 3374 ire
395 3325 501 3390 coepit·
522 3333 549 3376 et
567 3333 706 3391 autequam
725 3321 821 3373 finibus
839 3322 1066 3390 appropinquaret
1083 3323 1166 3387 urbis,
1185 3321 1329 3374 consilium
1350 3340 1367 3375 a

263 3393 417 3478 quibusdam
431 3395 627 3464 magistratibus
641 3402 733 3446 contra
743 3407 835 3460 regem
846 3392 1078 3461 Constantinopoli
1089 3359 1263 3462 iung6batur.
1272 3402 1367 3447 utrum

262 3474 350 3516 antem
371 3467 449 3517 etiam
469 3467 591 3532 pontifex
615 3466 742 3516 maximus
764 3473 791 3514 et
809 3463 961 3531 patriarcha
979 3465 1133 3518 llerularius
1158 3481 1216 3516 cum
1236 3465 1277 3518 his
1295 3482 1366 3533 par.

263 3538 348 3602 ticeps
368 3537 449 3588 luerit
464 3536 580 3600 consilii,
599 3552 695 3598 necne,
714 3536 845 3586 incertum
862 3535 986 3603 nihilque
1005 3536 1120 3589 clarum:
1140 3545 1227 3588 tamen
1247 3553 1281 3588 ex
1298 3539 1366 3604 opi.

263 3607 387 3658 nionibus
414 3614 440 3656 et
468 3623 501 3658 ex
529 3609 562 3660 iis
587 3623 655 3674 quae
680 3615 741 3671 post
768 3605 836 3656 haec
863 3607 1025 3672 acciderunt,
1051 3609 1169 3674 suspicio
1187 3609 1221 3659 ad
1239 3610 1366 3660 veritatis
1463 3630 1464 3643 ι

264 3677 392 3744 quan‘dam
417 3677 555 3728 obscuram
580 3691 723 3744 progressa
748 3684 788 3728 eat
814 3679 1053 3746 significationem:
1079 3681 1177 3730 etenim
1202 3696 1261 3730 cum
1279 3680 1365 3734 Gom.
1463 3680 1464 3719 l

231 3767 240 3782 s
263 3760 333 3798 neno
354 3747 441 3797 omnia
459 3747 591 3799 tolerabat
610 3756 637 3798 et
654 3747 787 3814 particeps
807 3750 886 3800 etiam
910 3750 987 3816 primi
1008 3750 1113 3802 consilii
1133 3751 1365 3819 cognoscebatur,
1463 3774 1464 3793 ι

263 3824 292 3869 ut
319 3819 397 3867 etiam
422 3819 554 3870 amicitiae
581 3828 607 3870 et
631 3819 753 3888 dignitati
779 3828 805 3871 et
823 3820 945 3872 affinitati
970 3823 1105 3887 proximus
1124 3824 1268 3876 vestiarius
1286 3813 1383 3877 Conss
1463 3802 1464 3825 ί

264 3888 394 3940 staulinus
414 3889 500 3942 Ducas
525 3891 612 3958 neptis
631 3890 799 3956 patriarchae
818 3894 917 3943 coniux
935 3891 1037 3957 lactus,
1058 3902 1084 3944 et
1111 3893 1219 3945 multam
1237 3895 1364 3947 benevo-

264 3958 372 4010 lentiam
399 3960 512 4012 reddens
541 3971 568 4014 ct
595 3963 730 4044 accipiens
756 3963 835 4013 inde.
861 3963 957 4015 deinde
977 3978 1035 4014 cum
1053 3966 1202 4017 institutum
1220 3966 1366 4018 consilium

263 4030 420 4082 dissolutum
445 4041 530 4095 esset,
550 4034 665 4100 ingressi
689 4041 751 4085 suut
780 4048 871 4086 omnes
898 4037 955 4086 eius
974 4040 1120 4108 auctores,
1140 4045 1168 4087 ut
1194 4039 1272 4088 etiam
1297 4053 1365 4105 par-

263 4102 359 4170 ticipes
385 4103 442 4155 eiua
467 4104 521 4154 in.
568 4113 623 4157 .et
647 4106 787 4157 maximum
813 4105 903 4158 lanum
920 4121 1034 4177 magnae
1058 4109 1101 4162 dei
1120 4109 1275 4175 sapientiae,
1295 4124 1363 4162 cau-

263 4187 317 4224 sam
349 4173 507 4237 allerentes‚
539 4139 608 4258 qu'ou
640 4184 688 4228 rex
719 4183 796 4242 pacta
827 4191 875 4230 sua
905 4178 1046 4255 proderet,
1079 4196 1138 4232 cunr
1167 4179 1283 4248 polliciti
1316 4196 1363 4233 es
