2967 4825
543 313 751 383 msronm.
1083 387 1088 395 ,
1152 302 1199 389 sa'
1259 324 1262 328 ·

96 474 184 549 λείας
205 475 261 541 καί
280 486 509 555 συνασπισταῖς
539 481 573 556 ἐξ
595 473 730 557 ἅπαντος
750 482 935 569 χραίμενον,
957 481 1014 551 καί
1032 492 1095 561 τοις
1117 482 1201 551 διιεί-

96 600 159 641 ιων
178 576 375 658 βουλεύμασι
398 582 453 644 καί
470 580 630 665 δελὴμασι
649 582 902 665 καταχρώμενον.
952 590 1010 670 τῆς
1030 578 1086 651 οὖν
1107 590 1200 667 ἕξου-

97 680 170 753 σίας
193 680 239 755 εἰς
260 677 397 755 πολλοὺς
419 678 475 744 καί
494 685 654 757 ποικίλους
682 683 910 769 διαιρεθείσης,
933 688 989 751 καί
1007 690 1072 765 τῶν
1091 712 1200 773 παρα-

98 774 356 847 δυνασιευόντων
391 776 527 845 ἑκάστου
551 787 683 865 βασιλεῖ
700 789 942 869 γαυρουμένου,
964 788 1064 864 πολιλς
1083 785 1200 873 γογγυ-

74 876 178 960 σσμδς
198 878 274 954 etsie
294 902 328 944 τε
357 881 637 967 οἷριστοκρατικοιλς
663 887 718 950 καί
742 886 819 961 τούς
850 888 1040 971 δημοτικοιλς
1068 888 1121 955 διὰ
1143 887 1200 974 τήν
1234 878 1239 884 ’
1320 943 1330 959 .

98 979 315 1062 δημοκρατίαν
335 989 462 1064 κατεῖχε
482 980 537 1047 καί
551 982 717 1067 ου’γχυσις.
746 986 872 1051 ἐκείνων
891 987 953 1071 γὰρ
968 981 1016 1108 ἦν.
1024 988 1059 1053 τδ
1082 990 1202 1074 εδπρα-

36 1088 162 1162 γ.ει“ν
191 1103 253 1144 των
286 1080 339 1165 τῆς
358 1086 488 1165 μερίδος
510 1086 727 1167 τυγχανόντων
750 1090 858 1153 αὐτῶν
889 1093 946 1155 καί
970 1092 1034 1155 τῶν
1056 1090 1201 1155 ὁπωσοῦν

98 1182 323 1301 προσηκόντων
349 1185 392 1270 τῷ
412 1188 558 1266 βασιλεῖ,
581 1177 640 1251 κᾶν
664 1212 696 1251 τε
729 1192 906 1255 σπουδαῖον
927 1193 967 1280 τῆ
989 1192 1130 1277 πολιτείᾳ
1150 1194 1201 1255 εί-

97 1279 260 1362 σηνεγιιαν,
282 1276 340 1347 κᾶν
360 1306 394 1348 τε
414 1279 563 1350 δεινόν’
541 1312 560 1368 η
585 1290 641 1351 καί
663 1281 841 1369 ἄπρακτον·
884 1293 997 1355 τωνδ
1018 1281 1121 1355 ἄλλων
1143 1286 1200 1355 λα’-

58 1400 150 1465 ςογος
174 1378 347 1465 οδδείς,“
330 1409 378 1449 οτι
398 1383 447 1470 μη
464 1388 519 1451 καί
537 1387 658 1467 μᾶλλον
688 1391 878 1469 α’λαζονείας
899 1391 1014 1476 α’λδγου
1033 1393 1090 1456 καί
1110 1395 1200 1456 κενοῦ

98 1481 289 1569 φυσήματος
311 1488 447 1570 ἐγίνοντο
471 1491 639 1614 ρελρεργον.
693 1492 726 1567 ἐξ
757 1482 795 1555 66
818 1494 870 1557 καί
889 1518 939 1570 τις
964 1518 1027 1558 των
1048 1483 1087 1556 εὖ
1107 1514 1199 1577 ysyo-
1211 1558 1219 1574 x

97 1580 195 1651 νότων
217 1610 269 1651 και
292 1590 366 1672 περί
399 1588 457 1675 τη“ν
478 1584 560 1656 tutat
578 1591 763 1675 ὀνομαστῶν
789 1594 846 1658 καί
864 1598 1024 1680 γενναίων,
1042 1592 1200 1668 Ἰσαοὶκιος

97 1680 199 1768 ὄνομα
223 1687 407 1776 (Κομνηηδς
432 1694 517 1782 σίτῳ
540 1692 575 1757 τὸ
601 1695 785 1781 ε’ποίνυμον)
796 1744 807 1774 ,
829 1693 1002 1780 ιλβρισδείς
1020 1695 1200 1779 παροράσει

97 1793 154 1855 καί
174 1794 444 1874 προπηλακισθείς
476 1758 633 1876 ιίθισμοϊς
662 1796 777 1877 μεστὸς
803 1798 895 1873 α’νίας
919 1794 1042 1884 ἐφάνη,
1063 1795 1120 1860 καί
1139 1794 1199 1881 τὴν

57 1901 88 1954 15
96 1890 273 1978 συμφορὰν
293 1900 519 1961 κοινοποιείταί
527 1920 595 1963 τισι
615 1901 678 1962 τοῖν
699 1898 909 1981 στρατιωτῶν.
952 1896 1199 1980 προεξσιδοδμε-

97 2016 145 2057 νοι
168 1995 284 2069 ditat*
302 1986 438 2083 οὗτοιτῇ
458 2001 521 2060 τῶν
544 2004 715 2079 γινομένων
736 2002 914 2085 ιίνωμαλίρ,
938 1994 993 2059 καί
1009 1993 1095 2082 λύπη
1119 2019 1200 2078 συγ-

96 2092 322 2177 κατεχόμενοι,
355 2117 565 2179 παρορμωσιν
596 2098 641 2172 είς
675 2096 732 2180 τὴν
766 2089 964 2161 ἀποστασίαν
995 2088 1103 2160 αδτόν.
1147 2100 1203 2161 καί

97 2191 180 2259 κατα
200 2192 317 2280 μικρὸν
344 2195 580 2277 συμβούλους“
568 2196 697 2271 ιιιανους
729 2195 1047 2281 προσλαμβάνοντες,
1068 2219 1121 2261 και
1141 2222 1201 2279 την

97 2295 248 2380 τοιαύτην
267 2298 399 2382 μελέτην
420 2295 500 2383 πρός
526 2282 638 2381 καιρὸν
658 2298 880 2381 ω’δινὴσαντες,
902 2294 980 2380 μεταλ
1003 2294 1038 2363 ιδ
1061 2323 1116 2382 της
1138 2302 1202 2380 βα-

56 2404 88 2460 ιθ
97 2396 258 2472 σελίδες
236 2400 371 2497 αποῖραι,
394 2399 510 2484 μικρὸν
527 2393 602 2465 ὅσον
617 2396 813 2476 διαλιπόντες
826 2395 1085 2486 ίκρήσσουσιμῆν
1099 2398 1200 2463 ω’δίνα

98 2499 153 2562 καί
183 2500 241 2561 τοῦ
267 2504 461 2582 κρατοῦντος
496 2524 642 2586 μυκτηρα
671 2496 899 2583 κατακτάμεναι
933 2501 1120 2588 ἐπαίρουσιν
1154 2499 1201 2572 εἷς

96 2591 183 2676 υψος
215 2621 268 2662 και
300 2605 459 2684 προῦπτον
494 2599 528 2666 τὸ
562 2599 788 2682 μελετώμενον.
846 2598 925 2688 πρδ
937 2602 973 2665 δὲ
995 2599 1116 2664 τούτων
1137 2602 1199 2665 rar

97 2698 370 2784 α’ρχισνμβοδλων
399 2695 464 2789 εἷς,
496 2706 677 2788 Βρυίννυος
700 2692 856 2786 τοδνομα,
889 2702 1200 2787 Ἀδριανουπολιλης,
1285 2777 1291 2786 ¹

115 2869 135 2892 ⁹
174 2888 198 2940 1.
218 2887 364 2951 ίξτλπαντα
383 2889 413 2944 G.
520 2887 548 2946 4.
567 2906 601 2944 an
619 2888 797 2961 βασιλινῶςλ

99 3054 210 3106 omnino
237 3060 364 3121 utentem,
391 3064 418 3108 et
443 3054 550 3108 illorum
579 3042 750 3110 voluntatem'
764 3064 791 3108 et
808 3056 907 3125 placita
925 3056 1102 3109 adhibentem.
1141 3073 1200 3110 oum
1237 3047 1244 3065 ⁸

101 3128 185 3196 igitur
204 3135 323 3193 potestas
343 3128 411 3180 inter
436 3128 533 3180 multos
554 3137 581 3181 et
599 3129 687 3181 varios
707 3129 794 3181 divisa
813 3137 885 3180 esset
904 3137 931 3179 et
950 3144 1057 3191 eorum,
1084 3131 1129 3197 qui
1147 3130 1220 3193 im-x

100 3198 171 3266 perii
191 3199 335 3266 participes
355 3209 445 3263 erant,
465 3216 532 3252 uuus
552 3202 664 3269 quisque
682 3201 760 3268 regio
778 3215 854 3251 more
872 3198 1037 3266 superbiret,
1056 3200 1138 3252 multa
1156 3202 1200 3252 in.

100 3271 222 3338 dignatio
245 3279 271 3322 et
290 3271 430 3337 optimates
451 3280 477 3323 et
497 3272 640 3339 populares
659 3279 769 3338 propter
788 3269 881 3338 populi
901 3271 1039 3338 imperium
1064 3271 1202 3324 obtinebat

14 3365 15 3374 ι
83 3350 127 3400 ,τι
154 3341 287 3394 conlusio.
324 3341 432 3394 illorum
458 3345 528 3394 enim
548 3353 605 3396 erat
623 3359 774 3406 successus,
799 3343 844 3411 qui
863 3349 972 3408 aparte
991 3355 1082 3392 eorum
1100 3348 1202 3394 starem

102 3423 128 3465 et
155 3415 253 3482 quovis
278 3415 355 3464 modo
375 3417 434 3482 regi
459 3415 555 3468 aflines
575 3424 679 3480 esseut,
699 3417 758 3468 sive
777 3413 1033 3467 strenuumeiuitati
1051 3412 1199 3476 inferrent,

100 3487 162 3537 sive
180 3483 360 3551 periculosum
379 3487 437 3538 sive
457 3488 536 3538 ctiam
554 3503 666 3549 vanum3
692 3495 842 3539 ceterorum
860 3493 947 3536 autem
966 3485 1033 3535 ratio
1050 3482 1126 3535 nulla
1150 3485 1200 3536 ha.

100 3557 230 3620 bebatur,
250 3557 301 3608 nisi
322 3559 392 3624 quod
411 3561 489 3610 etiam
508 3560 592 3627 magis
611 3560 754 3610 iactantiae
772 3558 859 3609 inanis
878 3566 905 3608 et
923 3571 1008 3608 vanae
1033 3557 1201 3622 arrogantiae

101 3629 307 3681 additamentum
337 3629 447 3695 fierent3
468 3646 501 3682 ox
527 3645 579 3698 quo
608 3633 687 3681 etiam
712 3629 809 3697 aliquis
837 3628 891 3680 alto
910 3627 972 3678 loco
992 3636 1110 3678 ortorum
1129 3634 1157 3677 et
1174 3628 1201 3677 in

103 3703 210 3751 oriente
235 3698 379 3751 illustrium
406 3711 431 3752 ct
449 3701 579 3755 nobilium
608 3700 742 3769 (lsaakius
769 3701 825 3750 eius
854 3712 968 3760 nomen,
998 3698 1149 3750 Comuenos
1176 3700 1202 3748 ei

103 3781 163 3824 erat
182 3777 345 3842 cognomen)
373 3773 488 3841 superbe
507 3782 632 3825 tractatus
651 3769 819 3839 negligentia
839 3777 866 3821 et
884 3776 1032 3821 contemtus
1052 3769 1202 3849 conviciis,

103 3846 203 3913 plenus
222 3845 397 3926 aegritudinis
417 3848 537 3912 apparuit
556 3853 582 3897 ct
601 3860 690 3895 casum
711 3843 886 3893 communicat
904 3856 963 3891 cum
982 3839 1137 3923 quibusdam
1149 3840 1203 3890 mi-

104 3917 197 3977 litum;
222 3923 300 3965 autea
318 3916 369 3967 iam
395 3919 503 3969 excitati
523 3917 601 3968 etiam
626 3915 653 3966 hi
674 3914 803 3966 laetorum
821 3913 962 3979 iniquitate
981 3918 1008 3962 et
1025 3911 1158 3962 tristitia'
1151 3926 1202 3962 rm-

105 3988 174 4054 pleti
193 3986 364 4038 adhortantur
383 3988 417 4039 ad
428 3988 605 4040 delectionem
626 4002 700 4037 eum·
721 3993 748 4035 et
765 3984 841 4036 brevi
862 3982 1029 4034 consciorum
1049 3983 1112 4034 satis
1131 3982 1204 4034 nacti

107 4069 133 4111 et
153 4057 232 4110 talem
254 4057 449 4111 meditationem
469 4062 537 4112 iusto
549 4067 669 4127 tempore
687 4057 822 4124 parientes
840 4061 901 4122 post
910 4068 1021 4122 regmae
1039 4055 1100 4117 iter,
1119 4067 1203 4122 parvo

108 4131 248 4180 interiecto
267 4138 388 4197 tempore
408 4139 580 4197 prorumpunt
599 4139 719 4196 partum.
718 4129 768 4177 et
785 4127 939 4195 imperantis
948 4125 1098 4193 superbiam
1115 4125 1202 4176 effun-

109 4203 208 4254 dentes·
230 4201 361 4253 tollunt'
355 4220 382 4254 rn
410 4201 576 4254 altitudinem
606 4210 638 4260 et
660 4199 808 4252 claritatem
834 4198 1022 4266 excogitatum.
1067 4204 1128 4247 ante
1153 4194 1203 4245 bos

109 4281 197 4325 autem
225 4276 325 4341 primos
354 4276 477 4329 conscios
506 4289 575 4328 unus
593 4272 745 4342 Bryennius
771 4273 856 4327 dictus
874 4268 1126 4336 Adrianopolitanus
1151 4266 1202 4317 dur
