2967 4825
270 291 345 373 ανδ
554 250 772 362 mensuras
808 281 1069 357 amarioris
1474 320 1475 398 ρ

269 449 439 541 παραλίοις
472 457 582 534 α’κταῖς
613 462 681 530 ταῖς
710 453 769 539 την
805 454 959 536 βασιλίδα
994 448 1286 538 περιζωννυούσαις
1312 451 1378 514 τῶν

270 557 668 644 πόλεωνπροτειχισμάτια
686 553 740 621 διά
762 556 865 632 ξύλων
880 553 1050 638 διχρόνων
1068 552 1199 636 μακράν
1210 554 1380 636 γενόμενα,

270 664 326 728 καί
356 658 398 750 τῇ,
426 660 544 744 γείτονι
574 658 723 746 θαλάσση
753 649 818 722 οἷον
849 655 1098 741 περιπλεκόμενα
1121 649 1380 740 ἢπεριπτυσσό·

268 785 350 846 μτνα
366 756 388 846 ἢ
402 760 476 837 τούς
491 755 640 845 ἓλιχμούς
659 761 759 843 αύτῆς
774 754 1016 841 άντωθούμενα,
1037 760 1092 822 καί
1109 764 1179 831 ταῖς
1198 759 1378 840 καταίρου-
1474 763 1475 836 J

271 888 323 930 σιν
347 860 462 928 ὁλκάσι
483 865 621 939 καὶτοῖς
643 864 677 928 ἐκ
693 865 753 945 γῆς
771 857 923 944 ἐμπόροις
944 857 1121 942 εύμάρειαν
1134 853 1212 941 πρός
1227 853 1406 940 κύματά-5
1474 871 1475 896 ³

270 990 321 1034 σιν
342 962 472 1046 κοίτην
493 968 554 1030 τάν
577 958 849 1046 συναλλαγμάτων
876 963 1030 1026 σύστασιν
1050 959 1257 1042 παρεχόμενα
1279 957 1381 1042 (σκά-

243 1073 325 1145 ,λαι
352 1066 391 1151 τῇ
412 1066 499 1152 κοινῇ
531 1068 685 1152 διαλέκτῳ
716 1063 998 1146 κατονομάζονται)
1032 1060 1189 1136 δεσπότας
1212 1055 1298 1142 εἶχον
1322 1056 1380 1122 καί

270 1159 386 1244 ἄλλους
408 1166 515 1242 τινάς·
546 1165 600 1231 ἐπί
619 1169 712 1230 πλέον
733 1166 769 1228 δὲ
788 1157 850 1228 τοῖν
870 1166 988 1228 λοιπῶν
1009 1165 1194 1229 δεσποτείαν
1213 1164 1380 1244 ἐκέκτηντο

270 1263 311 1334 τά
337 1291 370 1332 τε
389 1274 630 1354 πτωχοτροφεῖα
646 1266 701 1330 καί
718 1273 906 1346 νοσοκομεῖα
930 1263 986 1328 καί
1003 1265 1033 1330 οἱ
1054 1265 1159 1329 λοιποί
1178 1265 1303 1345 sospite
1326 1255 1381 1327 οἶ-

271 1391 322 1432 κοι
342 1370 398 1432 καί
419 1367 669 1453 φροντιστηρίων
690 1363 844 1451 διάφορα,
868 1363 906 1427 ού
929 1363 1027 1446 μόνον
1052 1366 1081 1429 δ’
1103 1365 1137 1428 όν
1160 1366 1199 1450 τῇ
1219 1367 1425 1445 βασιλευ-λθ
1475 1368 1476 1436 l

272 1469 349 1555 σόοη
373 1469 455 1533 άλλά
484 1467 538 1533 καί
558 1465 592 1532 ἔν
610 1491 676 1532 τισι
698 1470 761 1531 τοόν
785 1468 928 1532 ε’πινείων
957 1465 1068 1550 αὐτῆς.
1119 1467 1173 1530 καί
1192 1464 1302 1548 άπλαῑς
1325 1465 1381 1529 αι’·

271 1572 379 1653 χιαλοί
409 1569 522 1644 πάντες
544 1561 700 1643 δεσπότας
720 1562 819 1649 λεῖχον
851 1562 925 1640 τούς
947 1567 980 1644 ἐξ
1013 1561 1146 1650 ἤπειρον
1169 1563 1382 1642 δεσπόζοντος

272 1667 417 1742 κατάτά
448 1669 568 1753 πάτρια
587 1667 705 1749 νόμιμα
735 1676 789 1733 καί
808 1667 864 1743 τοὶς
883 1664 1052 1750 βασιλικάς
1074 1663 1257 1746 διατάξεις,
1280 1663 1321 1730 αἳ
1340 1693 1382 1732 τα
1475 1663 1476 1690 ;

272 1768 422 1857 πρόθυρα
447 1762 503 1852 τῆς
532 1764 699 1854 θαλάσσης
727 1778 792 1845 τοῖς
822 1771 1107 1853 παρακεκτημένοις
1136 1769 1169 1834 ἐν
1199 1771 1237 1853 τῇ
1259 1771 1383 1849 γείτονι

271 1876 380 1959 χέρσῳ
392 1877 579 1955 παρέχουσι.
591 1871 711 1937 τούτων
726 1872 743 1936 ό
757 1875 832 1956 πρίν
845 1872 1026 1955 βασιλεύων
1037 1867 1157 1945 πάντας
1169 1867 1244 1944 τούς
1259 1869 1381 1944 denud-
1393 1880 1426 1934 15

273 1997 330 2048 τας
342 1973 396 2056 τῆς
416 1968 596 2057 κυριότητος
615 1976 737 2056 ι’ταμύς
752 1974 958 2059 άπεστίρησε,
981 1969 1157 2060 προφάσεις
1171 1973 1381 2044 ἐπανατείνας
1475 1971 1476 1976 ’

209 2064 213 2072 ’
274 2073 392 2148 ἑώλους
416 2096 450 2136 τε
467 2076 536 2171 ικαί
555 2078 765 2158 χεχηραιιυίας
793 2080 847 2140 καί
868 2069 939 2138 όλσν
959 2073 1099 2158 ἐχούσας
1120 2070 1156 2138 τό
1178 2074 1382 2155 ἐνδομυχούν

274 2176 548 2258 εύκατάχνωστον,
570 2180 796 2262 συνερχούυτος
819 2168 1121 2264 αύτῷιθερμότερόν
1140 2197 1174 2240 τε
1198 2172 1251 2238 καί
1271 2170 1384 2256 βιαιό-

273 2301 365 2362 τερον
387 2280 522 2360 ταύτης
551 2283 616 2343 τιόν
636 2282 881 2364 Νεοκαισαρέων
909 2276 1073 2362 ἐκκλησίας
1106 2278 1382 2361 προβεβλημένου.
1474 2311 1476 2318 ‹

272 2381 468 2465 τυραννικῶς
480 2376 542 2462 γάρ
550 2382 671 2459 μάλλον
683 2373 702 2463 ἢ
711 2381 941 2465 α’ρχιερατικιός
951 2377 1007 2444 τόν
1020 2380 1271 2461 ε’μπιστευθὲντα
1279 2376 1383 2465 ταύτην
1394 2393 1431 2449 20

272 2478 386 2567 θρόνον
394 2484 449 2566 τῆς
457 2486 516 2546 τοῦ
526 2484 696 2564 βασιλικοῦ
706 2482 917 2566 σακιλλαρίου
928 2482 1084 2566 προβολῆς
1094 2483 1230 2561 διοικῶν,
1241 2475 1385 2561 ἐμισήθη
1476 2560 1477 2583 ρ

274 2606 309 2649 τε
331 2583 419 2667 παρά
433 2581 559 2649 πάντων
578 2584 633 2649 καί
653 2582 707 2649 διά
721 2586 781 2661 τός
793 2578 1005 2668 όπηνεστδρας
1020 2583 1149 2665 πράξεις
1162 2581 1385 2665 άπηνεστόραν
1419 2630 1426 2638 .
1466 2592 1477 2673 j

347 2763 374 2814 2.
392 2767 613 2837 προτειχίσματι
631 2763 661 2818 0.
716 2764 743 2817 3.
756 2710 1040 2839 περιπλακόμεναόλ
1096 2761 1138 2815 12.
1160 2726 1330 2821 δεσποτείας
1349 2760 1381 2815 G.

279 2918 369 2987 ginam
387 2917 491 2970 urbium
511 2920 639 2987 cingunt,
664 2920 869 2988 propugnacula
899 2918 981 2990 lignis
1010 2918 1144 2989 exlongo
1166 2925 1289 2985 tempore
1308 2916 1384 2969 iacta

281 2996 309 3040 et
326 2989 416 3040 moino
434 2991 501 3041 mari
520 2993 595 3059 quasi
614 2992 808 3044 circumvoluta
826 2998 872 3043 aut
890 2992 1062 3043 circumtecta
1081 2998 1127 3041 ant
1144 2997 1234 3042 aestus
1254 2988 1312 3041 eius
1332 3004 1382 3041 re-

255 3114 260 3123 ,
278 3059 410 3127 pellentis
430 3069 457 3112 et
474 3062 672 3130 appellentibus
695 3064 809 3131 naribus
833 3064 968 3115 tractoriis
987 3071 1014 3115 et
1029 3062 1200 3117 terrestribus
1217 3061 1382 3112 mercatori.

277 3130 328 3183 bns
347 3131 500 3185 facultatem
534 3136 620 3187 standi
646 3144 673 3187 et
699 3144 777 3202 pacta
801 3135 978 3201 componendi
1002 3134 1173 3202 praebentia:
1193 3132 1283 3185 scalae
1302 3146 1382 3183 com.

199 3262 206 3273 ,
276 3204 350 3254 muni
375 3203 491 3255 dialecto
511 3215 655 3259 vocantur:
679 3207 801 3259 dominos
830 3206 964 3259 habebant
989 3214 1016 3259 et
1044 3205 1113 3258 alios
1132 3204 1273 3274 quosdam:
1293 3204 1382 3273 magis

276 3281 365 3326 autem
383 3277 481 3328 ceteris
503 3278 710 3330 dominationem
735 3278 869 3331 habebant
894 3286 921 3329 et
939 3278 1056 3345 hospitia
1072 3292 1217 3344 pauperum
1241 3283 1268 3327 et
1291 3289 1382 3328 noso.

276 3345 363 3397 cornia
383 3353 409 3397 et
428 3356 517 3400 cetera
537 3350 581 3415 pia
597 3351 719 3404 aedilicia
738 3358 765 3402 et
782 3346 962 3416 monasterie,
983 3351 1129 3403 susianen
1151 3346 1238 3399 solum
1264 3347 1293 3399 in
1311 3347 1381 3400 urbe

276 3418 325 3471 sed
345 3418 424 3469 etiam
442 3420 469 3470 in
490 3420 646 3489 quibusdam
664 3422 785 3489 portibus
806 3424 873 3475 eius.
1135 3427 1137 3431 ’
1196 3467 1199 3470 «

375 3490 464 3558 Atque
483 3494 590 3544 omuino
610 3492 690 3545 litora
711 3494 800 3545 omnia
819 3494 1014 3546 dominationes
1032 3490 1174 3556 habebant,
1194 3508 1209 3543 e
1228 3491 1383 3545 continenti

276 3560 397 3613 dominos
416 3563 560 3615 secundum
579 3566 679 3631 patrios
697 3580 785 3617 mores
806 3574 833 3616 et
850 3566 938 3634 regias
958 3565 1182 3628 constitutiones,
1203 3580 1271 3633 quae
1291 3563 1382 3615 aditus

274 3633 355 3683 maris
373 3634 417 3697 iis,
435 3636 481 3701 qui
500 3650 671 3701 possessores
689 3646 752 3689 sunt
769 3638 797 3688 in
822 3638 912 3689 vicina
932 3638 1087 3701 continenti,
1106 3636 1245 3703 praebent.
1284 3635 1383 3688 horum

173 3731 177 3739 ι
274 3704 351 3769 prior
375 3719 423 3756 rex
448 3720 540 3757 omnes
574 3707 694 3759 dominos
719 3716 852 3774 potestate
878 3708 1045 3775 impudenter
1072 3709 1208 3776 privavit,
1238 3714 1383 3775 praetexta

276 3774 424 3826 extendens
454 3776 592 3843 decrepita
618 3786 645 3828 et
672 3779 794 3832 obsoleta
822 3788 849 3831 et
870 3781 978 3831 omnino
1007 3779 1112 3831 occulta
1131 3786 1159 3831 et
1175 3778 1381 3845 vituperabilia,

277 3857 337 3895 curn
358 3846 533 3899 auxiliaretur
555 3850 580 3899 ei
598 3849 710 3904 calidius
729 3860 757 3903 et
775 3851 921 3904 violentius
940 3864 1049 3917 praeses
1070 3851 1203 3903 ecclesiae
1221 3849 1380 3902 Neocaesa.

276 3930 350 3967 reae.
394 3921 500 3984 tyranni
526 3922 596 3971 euim
625 3924 710 3990 magis
739 3938 816 3991 quarn
842 3921 976 3989 pontificis
1001 3924 1093 3974 summi
1122 3924 1226 3973 ratione
1247 3922 1381 3973 creditum

276 3985 340 4037 huic
358 3987 482 4043 thronum
501 3995 629 4060 praesidii
656 3995 726 4063 regii
753 3993 888 4063 sacellarii
916 3995 1100 4047 administrans
1126 4003 1153 4046 et
1177 3995 1238 4045 odio
1270 3992 1381 4047 habitus

278 4063 319 4108 est
336 4059 369 4110 ab
388 4062 508 4114 omnibns
528 4072 556 4116 et
573 4074 684 4133 propter
704 4066 856 4119 crudeliora
875 4065 943 4117 lacta
963 4066 1140 4119 crudeliorem
1160 4080 1247 4132 paene
1265 4066 1381 4131 pericu.

276 4127 332 4179 lum
350 4130 430 4183 subiit
447 4136 604 4187 inveniendi
624 4139 733 4203 exitura,
752 4138 906 4209 repudiatus
926 4142 953 4189 et
971 4152 987 4188 a
1005 4137 1125 4204 plurimis
1145 4135 1260 4204 collegis
1278 4152 1381 4189 mune.

277 4214 336 4253 rum
355 4209 382 4255 et
399 4206 569 4273 pontificibus
593 4210 700 4265 summis
719 4216 748 4261 ut
767 4209 895 4265 societate
916 4223 1008 4283 eorum
1025 4209 1161 4281 indignus,
1180 4210 1242 4279 quia
1261 4209 1380 4262 terrenis
