2967 4825
559 235 802 311 mana
878 255 895 276 -·
1131 226 1248 330 sca

107 398 183 491 γονῆ
204 408 249 497 τῷ
271 401 397 495 κάσιριγ
425 408 482 490 τῆς
504 410 699 492 Μεταβολῆς
726 410 1008 493 ε’μφιλοχαροῦσα,
1031 409 1086 475 καί
1105 408 1207 475 πλοό-
1235 448 1237 455 1

107 530 163 573 ιον
183 504 299 583 ἱκανῶς
320 504 460 589 ἔχουσα,
493 507 733 593 προεξωνῆσατο
755 508 810 575 τόν
829 506 910 573 ἴδιον
934 501 1035 593 ἄνδρα
1062 511 1116 592 καί
1140 513 1205 595 άμ·

110 615 250 694 φοτίρων
275 612 338 673 τῶν
358 612 487 693 ι’χθρῶν
509 606 737 696 ἐλυτρῶσατο,
767 613 880 677 τούτου
903 614 961 693 μὲν
985 613 1014 677 οἱ
1034 620 1206 699 πεμφθέν-

104 734 152 786 τες
173 715 208 777 εἰι
228 715 386 793 βασιλέως
408 712 578 797 άπίτυχον,
601 711 655 806 τόν
678 716 714 778 δὲ
737 700 897 797 Καίσαρα
920 711 1016 795 μόνον
1048 716 1208 802 ἐξωνησά-

82 828 97 878 5
105 835 195 893 μενοι
209 816 364 897 ἐπανῆγον
385 814 430 890 είς
446 811 503 896 τῆν
515 817 668 895 βασιλίδα
688 820 751 880 τῶν
772 816 903 881 πόλεων.
948 819 981 881 ἐκ
1004 820 1039 881 δὲ
1061 820 1099 904 τῇ
1116 823 1207 901 Προ-

107 917 226 979 ποντίδι
246 920 422 997 γενομένων
446 915 552 979 ον’τῶν
572 916 763 1001 εὐλαβηθείς
786 915 801 981 ό
827 921 958 1001 Καίσαρ
981 914 1067 998 ἴσως,
1090 918 1141 982 ἵνα
1161 916 1205 1003 μῆ

103 1017 145 1090 ῶς
167 1018 346 1100 α’ποστάιης
373 1020 583 1104 καταγνωσθῇ
603 1015 659 1081 καί
679 1011 820 1094 όποπτος
849 1016 883 1083 τό
911 1017 971 1083 άπό
1005 1022 1098 1084 τοόδε
1127 1022 1297 1104 acy-tuot
1309 1040 1332 1079 r.
1429 1052 1434 1063 ι
1463 1049 1466 1059 ·

103 1117 185 1205 χάνῃ
205 1117 260 1181 καί
281 1121 543 1201 περιεσκεμμένος
564 1111 585 1201 'l
607 1116 662 1182 καί
683 1115 886 1203 άπόβλητος,
919 1122 975 1185 οόκ
1002 1118 1103 1205 ἔκρινε
1121 1124 1202 1203 μετά

104 1221 254 1303 κοσμικῆς
275 1219 330 1301 τῆς
354 1221 520 1303 περιβολῆς
549 1216 713 1305 ἐπιστῆναι
746 1222 789 1309 τῷ
824 1224 947 1311 άνεψιῷ
975 1229 1029 1289 καί
1054 1229 1204 1307 βασιλεῖ’,

66 1331 95 1385 10
104 1319 185 1384 άλλά
200 1317 257 1404 τῆν
273 1318 426 1404 κοσμικῆν
447 1320 685 1403 άποβαλόμενος
701 1324 807 1404 τρίχα,
828 1327 1041 1404 μεταθέμενος
1063 1328 1108 1399 εἰς
1130 1324 1203 1401 τοός

102 1421 273 1505 μοναγοάς,
295 1412 394 1495 οόιως
415 1423 449 1486 ἐν
471 1423 596 1486 ειίτελεί
611 1424 656 1509 τῶ
677 1420 819 1506 σχῆματι
841 1431 904 1497 τοῖς
926 1426 1101 1505 βασιλείοις
1135 1432 1205 1492 ἐνέ-

102 1529 201 1604 μιξεν.
246 1520 336 1586 όπότε
365 1524 504 1599 καὶτοῖς
530 1522 710 1599 εάσυνὲτοις
732 1523 870 1608 οἷνδράσι
892 1524 1017 1608 θάμβος
1040 1524 1127 1615 ἐπῄει
1152 1532 1207 1593 καί

102 1622 268 1708 ἔκπληξις·
312 1623 465 1708 περὶγὰρ
489 1626 552 1689 τῶν
581 1623 805 1711 άφρονοόνταιν
835 1630 890 1691 καί
914 1623 954 1691 τά
992 1631 1126 1693 τοιαῦτα
1159 1628 1202 1714 μῆ

103 1725 332 1809 διακρινόντων
355 1726 445 1810 λόγος
470 1726 586 1802 οάδείς.

65 1840 92 1893 lt
201 1823 305 1912 Ἐπῆει
328 1819 385 1891 oda
406 1827 531 1909 θάμβος
558 1837 622 1905 τοίς
643 1821 729 1905 όποις
746 1828 774 1895 οἱ
786 1830 952 1912 Ῥωμαίων
973 1829 1202 1914 άρχηγοίμετά

100 1927 259 2014 τοσαότης
279 1926 489 2014 περιφανείας
507 1932 563 1994 καί
586 1929 801 2016 λαμπρότητος
829 1929 908 1995 κατά
934 1940 999 1996 τῶν
1031 1930 1205 2019 όμοφόλοιν

100 2030 389 2111 ἐπιστρατεύονεες,
424 2024 523 2107 οότως
545 2029 663 2111 άτίμοος
686 2030 740 2095 καί
763 2033 883 2116 γοερῶς
910 2035 965 2097 καί
985 2031 1067 2113 μετά
1096 2032 1206 2098 τοιαά-

99 2156 154 2218 τῆς
179 2131 340 2205 εάιελείας
364 2129 420 2195 καί
442 2131 624 2211 δυσθυμίας
645 2136 832 2217 πεποίηνται
854 2132 914 2216 τῆν
940 2131 1104 2212 ἐπάνοδον,
1133 2136 1206 2199 αἀτί

98 2239 157 2298 red
177 2237 255 2317 πρίν
278 2236 467 2313 τελουμένου
490 2239 556 2307 τοῖς
578 2232 676 2296 πάλαι
692 2232 863 2314 Ῥωμαίοις
886 2237 1036 2317 λαμπροῦ
1058 2235 1113 2298 καί
1131 2259 1205 2301 στε-

61 2332 295 2421 λοφανηφόρου
319 2335 481 2418 θριάμβου
514 2338 744 2418 καταγέλαστον
770 2332 955 2416 κατάγοντες
976 2339 1031 2430 καί
1051 2362 1204 2403 πανεντε-

98 2419 417 2520 λδστατονθάατρον,
450 2433 508 2521 τῆν
535 2428 630 2519 ἧτταν
663 2437 702 2500 οδ
737 2437 799 2500 τῶν
831 2441 1077 2522 συστρατιωτῶν
1107 2439 1203 2520 μόνον

80 2536 182 2604 άλλόι
205 2537 258 2603 καί
279 2538 334 2624 τῆν
356 2529 480 2604 ἑαυτῶν
508 2537 724 2602 κακοπάθειαν
746 2539 800 2601 καί
828 2541 1065 2622 σκληροτυχίοιν
1084 2539 1201 2625 όδννη-

98 2646 163 2723 ρῶς
185 2643 447 2728 θριαμβεύοντος.
496 2640 527 2704 τί
546 2645 661 2705 τούτου
683 2643 792 2724 γίνοιτ’
822 2631 861 2705 όν
885 2637 1107 2726 διαδηλότερον
1128 2647 1201 2706 θεο-

172 2822 214 2877 10.
234 2820 463 2918 δποβαλλόμενοι
481 2819 511 2875 (λ
599 2821 640 2874 15.
661 2818 780 2882 adacte?
798 2836 832 2874 au
851 2829 910 2882 ants
928 2821 1166 2897 προειρῆμίνοιςλ

98 2972 267 3035 versabatur,
286 2977 313 3021 et
331 2969 482 3023 divitiarum
501 2969 565 3021 satis
577 2968 702 3034 habebut,
721 2969 869 3032 anteaiam
888 2969 1045 3022 redemisset
1062 2987 1137 3024 suum
1155 2973 1201 3024 ri.

98 3061 154 3096 rum
184 3052 212 3095 et
240 3044 360 3110 utrisque
385 3042 499 3093 inimicis
525 3040 666 3106 solvisset,
693 3040 763 3092 bunc
782 3041 904 3109 quidem,
935 3043 979 3109 qni
998 3043 1072 3094 missi
1092 3052 1201 3095 eranta

98 3133 182 3187 rege,
201 3132 256 3168 uon
277 3123 338 3167 suut
364 3115 446 3177 uncti,
466 3114 606 3167 Caesarem
627 3121 714 3165 autern
739 3110 825 3163 solum
850 3112 1025 3172 redemerunt¹
1039 3123 1065 3165 et
1084 3116 1200 3166 reduxe-

100 3198 163 3241 runt
182 3189 211 3240 in
229 3187 322 3239 urbem
341 3184 491 3253 capitalem.
529 3201 641 3254 cumque
662 3186 690 3235 in
709 3183 871 3252 Propontide
892 3193 990 3248 essent,
1011 3185 1112 3236 veritus
1129 3187 1200 3240 Cae.

99 3278 151 3325 sar,
171 3276 206 3310 ne
224 3261 293 3311 forte
313 3266 436 3327 tanquam
455 3265 575 3326 apostata
594 3259 762 3310 damnaretur
781 3263 807 3307 ct
839 3263 978 3322 suspectus
1007 3263 1101 3322 postea
1124 3257 1202 3309 fieret

100 3344 126 3385 et
144 3335 246 3386 vitatus
265 3339 292 3382 et
312 3330 442 3394 deiectus,
462 3329 573 3381 uolebat
591 3344 649 3380 curn
667 3329 764 3379 amictu
783 3328 882 3396 insigni
903 3328 1007 3378 adstare
1032 3337 1146 3396 cognato
1174 3336 1201 3380 et

98 3405 168 3473 regi,
188 3404 236 3455 sed
245 3403 344 3471 insigni
364 3403 486 3468 deposito
506 3403 580 3453 crine
601 3409 782 3468 transgressus
802 3400 834 3452 ad
852 3395 1054 3450 monachos'ita
1071 3403 1098 3451 in
1117 3401 1200 3451 forma

98 3476 148 3530 rili
161 3476 263 3542 regiam
276 3474 374 3526 subiit:
393 3474 497 3542 qnando
516 3474 593 3525 etiarn
608 3471 781 3540 prudentibus
798 3472 864 3523 viris
883 3479 975 3538 stupor
994 3470 1083 3523 obibat
1098 3480 1123 3522 et
1135 3488 1200 3538 per.

97 3548 214 3601 turbatio
224 3560 235 3598 ε·
251 3563 312 3599 uam
332 3546 365 3597 de
384 3545 593 3613 imprudentibus
613 3552 641 3596 et
660 3545 705 3612 qui
723 3543 789 3595 talia
806 3559 860 3595 uon
880 3544 1033 3607 diiudicant,
1050 3542 1141 3598 nullus
1160 3551 1200 3596 est

97 3635 195 3673 sermo.

179 3689 296 3744 ·0bibat
315 3704 379 3758 ergo
399 3697 493 3756 stupor
510 3689 561 3754 bis,
581 3689 650 3756 quod
667 3687 828 3741 Graecorum
837 3687 918 3740 duces
937 3702 994 3739 cum
1014 3694 1087 3739 tauto
1106 3687 1199 3756 splen.

98 3765 164 3816 dore
184 3772 212 3816 et
237 3763 352 3814 candore
380 3769 474 3814 contra
501 3768 629 3828 cognatus
655 3759 812 3826 bellantes,
841 3769 893 3820 tam
914 3761 1027 3828 turpiter
1054 3768 1080 3811 et
1104 3762 1199 3812 misere

99 3845 125 3889 et
143 3835 192 3888 tali
212 3850 270 3886 cum
290 3833 396 3887 vilitate
417 3841 444 3885 et
462 3834 542 3884 animi
551 3832 712 3883 'abiectione
731 3839 804 3884 retro
824 3833 912 3883 ierunt
928 3847 976 3899 pro
996 3839 1073 3882 antea
1092 3841 1200 3899 peracto

97 3925 113 3959 a
134 3907 233 3975 priscis
254 3905 362 3959 Graecis
382 3904 521 3972 splendido
542 3912 568 3955 ct
588 3902 866 3970 coronatotriumpho
885 3903 1026 3955 ridiculum
1039 3904 1200 3958 deducentes

98 3989 125 4032 et
144 3979 303 4031 vilissimum
319 3976 510 4044 spectaculum,
530 3976 562 4027 de
585 3973 660 4026 clade
680 3989 734 4025 non
754 3973 919 4042 collegarum
937 3975 1095 4026 militarium
1115 3975 1200 4028 solum

96 4052 144 4104 sed
167 4051 247 4101 etiam
274 4049 307 4101 de
339 4064 386 4101 sua
415 4049 520 4100 fortuna
556 4055 582 4098 et
612 4046 762 4098 calamitate
790 4045 854 4097 dura
881 4047 978 4099 misere
997 4046 1198 4114 triumphantes.

97 4123 161 4192 quid
179 4122 231 4174 bac
251 4137 282 4173 re
300 4127 390 4188 potest
409 4136 468 4172 esse
483 4118 582 4171 clarius
601 4118 696 4169 mentis
717 4117 850 4168 alienatae
873 4117 1086 4169 documentum?
1105 4135 1199 4188 quam.

96 4195 190 4248 obrem
211 4195 290 4246 etiam
309 4193 508 4245 admiratione
528 4191 658 4255 incessit,
688 4189 820 4259 quomodo
840 4188 999 4242 Graecorum
1018 4205 1113 4260 reges,
1139 4201 1198 4243 cum
1298 4223 1311 4241 .

148 4292 229 4348 utet.
247 4289 330 4344 Anat.
351 4289 418 4345 llirt.
709 4305 712 4314 ·
900 4311 903 4315 ·
971 4287 1003 4339 13
1035 4363 1042 4374 Ι
