2967 4825
236 121 329 278 ‚aaa
559 194 779 291 mtcutsus
809 181 1070 258 λπλιιοτλιι

255 376 348 465 ἡλίου
366 374 444 460 πρός
466 324 592 453 δασμός
614 369 856 488 ἀποτρέχοντας.
900 357 1049 445 ἡσθέντος
1072 362 1107 426 δέ
1122 364 1178 426 τού
1198 364 1357 441 βασιλέως

212 465 298 516 ”
256 506 298 567 τῳ
318 476 474 563 γεγονότι,
499 468 715 562 κατέλαβον’
695 466 757 531 απὸ
773 467 838 530 τοόν
858 466 1004 531 ἐναντίων
1018 488 1070 527 και
1093 466 1251 546 πρέσβεις,
1274 489 1363 545 συμ-

257 581 394 655 παθείας
416 585 526 661 τυχεῖν
548 568 765 653 ἐξαιτούμενοι
788 570 842 633 καί
871 568 932 631 τιόν
954 562 1065 632 ίόιῌων
1065 563 1263 682 πραγμάτων
1285 590 1363 649 συγ-

256 681 409 768 χώρησιν,
433 680 487 743 καί
509 670 675 748 τοιαύταις
697 670 878 752 ὁμολογίαις
901 669 1104 752 παραδοῦναι
1122 663 1179 751 την
1200 663 1300 731 πόλιν.
1317 668 1362 755 τῷ

256 789 390 864 βασιλεῖ.
434 782 644 860 συνθέμενος
649 775 694 837 δέ
716 768 793 890 πρός
813 774 919 851 τούτο,
942 794 993 835 και
1026 766 1101 847 τούς
1104 793 1165 874 πρ
1168 768 1272 848 έοβεις
1296 764 1364 831 διό-
1342 792 1390 841 -5

258 910 325 969 ροις
345 882 498 969 τιμήσας,
529 880 695 962 α’πέστιιλε
724 871 777 938 τόν
799 868 1069 955 παραληψόμενον
1104 852 1220 933 αύτίκα
1241 866 1274 934 τό
1302 868 1364 933 κό-

129 996 359 1069 Μέθαστρον.
403 980 492 1047 οιδ’
526 978 616 1045 ἔνδον
637 973 791 1096 φρορρόν
814 975 846 1037 έν
866 968 1003 1057 τοιούτῳ
1036 994 1135 1055 καιρῳ
1121 970 1366 1047 εισόεξασθαι

256 1116 299 1171 μη
290 1084 580 1166 καταδεξάμενσι,
602 1081 655 1143 ἵνα
674 1074 719 1161 μη
734 1073 831 1139 κακόν
846 1098 874 1137 τι
898 1068 952 1136 διό
977 1074 1031 1155 τῆς
1051 1069 1160 1147 νυκτός
1182 1080 1248 1149 τοις
1270 1074 1366 1136 ἐναν-

257 1192 336 1261 τιόις
365 1184 539 1271 έπιττχθῇ,
567 1178 678 1255 έδοξαν
707 1176 893 1259 η’λογηκέναι
921 1175 976 1237 καί
1001 1172 1267 1254 καταψεύσασθαι
1302 1197 1366 1235 των

179 1338 184 1342 -
258 1289 411 1354 σπονδῶν.
455 1283 509 1350 διό
544 1283 639 1346 τούτο
661 1283 715 1343 καί
737 1274 1000 1359 ταχύσαλπίσας
1031 1271 1223 1356 όβασιλεύς
1245 1274 1280 1339 τό
1305 1297 1365 1338 πο-
1377 1289 1411 1342 10

259 1384 434 1470 λιμικόν,ε
418 1389 533 1470 ἐξῆλθε
556 1382 754 1467 πανστρατιᾷ
771 1382 828 1462 τῆς
849 1378 1064 1459 παρεμβολῆς,
1083 1372 1138 1439 καί
1159 1383 1224 1451 τοις
1245 1381 1367 1459 τείχεσι

261 1493 487 1573 προσεπέλαστ.
546 1483 800 1603 καταπλαγέντες
832 1480 866 1543 δὲ
892 1500 921 1540 οι
947 1480 1081 1561 Τούρκοι
1102 1479 1156 1540 καί
1180 1474 1258 1561 πρός
1280 1480 1367 1541 α’πο-

259 1593 367 1672 λογίας
393 1589 605 1672 τραπόμενοι,
641 1607 694 1647 και
725 1583 854 1646 πλειονα
880 1581 986 1644 πίστιν
1015 1581 1070 1663 τῆς
1093 1571 1217 1658 ἑαυτῶν
1240 1580 1385 1645 ducio-

259 1690 405 1774 τροόσεως
428 1684 635 1772 αἰτησόμενοι
656 1709 709 1747 και
705 1683 943 1763 λαβόντες,έξ
945 1685 1012 1745 ίασι
1029 1683 1088 1761 μὲν
1112 1682 1145 1743 έκ
1167 1683 1221 1763 τῆς
1243 1680 1366 1762 πόλεως

259 1789 341 1871 μετό
362 1792 415 1876 τῆς
437 1792 552 1863 οἰκείας
575 1789 763 1868 α’ποσκευῆς,
786 1782 839 1847 καί
854 1785 896 1871 τῷ
909 1788 1041 1864 βασιλεῖ
1055 1784 1303 1863 γονυκλινούσιν,
1325 1784 1413 1853 0v'15

260 1899 364 1967 κεναῖς
387 1892 421 1955 δὲ
444 1890 556 1973 χερσίν
586 1884 667 1951 ettad
702 1888 815 1959 πάντες
836 1882 996 1970 ξιφήρεις,
1025 1886 1079 1947 καί
1099 1883 1142 1970 τῷ
1162 1886 1293 1965 βασιλεῖ
1309 1908 1365 1966 γυ.

180 1982 187 1986 ’
260 1992 328 2077 μνηῖ
349 1992 523 2062 πανοπλίας
556 1988 585 2053 οἱ
614 1990 754 2063 πλείονες
788 1987 1056 2069 προσεγγίζονττς·
1112 1976 1164 2049 ότι
1195 1983 1232 2067 δὴ
1269 1981 1367 2057 αύτός

262 2090 441 2175 συμπαρών
460 2092 517 2153 ούκ
541 2086 677 2209 ἐπῄνεσα
692 2086 750 2171 την
764 2089 821 2150 τοῦ
834 2088 991 2166 βασιλέως
1012 2082 1172 2168 ἁπλότητα
1191 2086 1288 2166 μέσον
1302 2089 1365 2149 θα-

263 2194 430 2257 νατώντων
461 2190 587 2273 όνόροόν
615 2215 668 2254 και
697 2188 796 2275 τόλμη
818 2188 873 2251 καί
903 2185 1036 2271 οἷπονοίρ
1059 2183 1227 2263 συζώντων
1249 2181 1368 2250 ἑαυτόν

264 2292 486 2383 α’θωρόκιστον
507 2295 745 2373 καταμίξαντος.
1377 2303 1415 2357 20

355 2387 482 2480 Ἕτερον
502 2395 538 2459 δέ
561 2419 590 2457 τι
621 2394 822 2506 συνηνέχθη,
853 2393 945 2477 ζηλον
976 2375 1046 2472 μὲν
1058 2390 1114 2453 τού
1135 2392 1292 2473 βασιλέως
1315 2392 1369 2456 δι-

220 2583 225 2591 ’
264 2496 430 2580 καιοσύνης
459 2495 641 2581 φαντόζον,
673 2483 809 2578 ἄμετρον
839 2495 874 2558 δὲ
907 2517 961 2576 την
982 2497 1136 2575 τιμωρίαν
1158 2495 1211 2556 καί
1230 2487 1287 2556 ούκ
1308 2494 1368 2556 εύ-

264 2599 342 2684 οεβῆ
369 2601 630 2680 συντιθέμενον.’
663 2593 826 2680 ἐγκληθείς
858 2591 918 2681 γάρ
940 2619 985 2671 τις
1015 2595 1077 2657 τιόν
1100 2597 1302 2679 στρατιωτοόν
1323 2593 1368 2672 αἱς

338 2783 380 2837 17.
400 2782 455 2852 ὅ,τι
473 2785 503 2839 G.
579 2785 621 2838 19.
640 2783 843 2842 θανατούντων
870 2782 899 2838 0.
1026 2783 1069 2836 20.
1091 2787 1285 2856 καταμίξαντα
1317 2782 1348 2838 G.

265 2961 407 3023 precantes
426 2962 454 3006 et
471 2970 576 3009 suarum
593 2971 681 3007 rerum
701 2955 806 3007 veniam
825 2963 905 3023 atque
923 2963 953 3006 ut
972 2955 1069 3007 talibus
1088 2956 1255 3022 pactionibus
1274 2957 1369 3009 trade-

198 3087 201 3097 ·
266 3034 327 3078 rent
346 3025 438 3078 urbem
449 3028 531 3112 regi.
548 3036 649 3112 pactus
674 3035 761 3080 autem
787 3027 839 3078 hoc
860 3035 885 3080 et
910 3027 1015 3096 legatos
1040 3028 1116 3080 donis
1136 3026 1269 3080 honorans
1289 3029 1368 3080 illico

195 3158 217 3164 ‚¹
262 3098 396 3168 quendam
421 3100 493 3151 misit
518 3101 560 3151 cui
589 3099 737 3164 castellum
753 3100 904 3150 traderent:
934 3100 980 3165 qui
1004 3106 1091 3150 autem
1116 3101 1144 3149 in
1173 3100 1270 3166 oppido
1291 3110 1369 3152 erant

266 3170 461 3256 praesidium
454 3187 482 3221 rn
502 3171 550 3223 tali
568 3180 690 3238 tempore
714 3173 838 3238 accipere
864 3185 917 3221 non
943 3172 1121 3233 sustinentes,
1149 3186 1200 3234 ne,
1223 3172 1286 3239 quid
1304 3172 1370 3223 mali

265 3243 318 3309 ipsi
339 3252 511 3308 pernoctem
531 3243 564 3293 ab
585 3243 704 3294 hostibus
725 3243 920 3324 experirentur,
940 3243 1044 3292 ratione
1067 3257 1158 3292 carere
1177 3245 1369 3327 sponsionem-

267 3329 319 3382 quc
338 3312 470 3366 fefellisse
489 3314 630 3366 visisunt.
650 3300 820 3382 quamobrem
840 3315 926 3364 statim
946 3311 1073 3363 bellicum
1093 3328 1192 3364 canens
1211 3330 1259 3364 rex
1279 3317 1370 3366 omni-

265 3387 315 3437 bus
335 3401 393 3435 cum
413 3386 498 3452 copiis
518 3387 612 3437 castris
633 3401 756 3454 egressus
776 3385 916 3436 moenibus
937 3385 1171 3452 appropinquavit.
1192 3387 1297 3436 attoniti
1317 3403 1371 3438 au-

267 3467 318 3508 tem
336 3455 436 3506 'furcae
456 3457 532 3507 etad
552 3460 753 3509 excusationem¹
769 3458 841 3510 'versi
860 3455 1182 3524 melioremquejpsorum
1202 3457 1371 3524 redemptio.

266 3529 308 3578 nis
327 3527 404 3578 fidem
424 3535 566 3594 poscentes
587 3537 613 3578 et
631 3530 797 3595 accipientes
816 3528 882 3580 urbe
902 3528 1074 3594 egrediuntur
1095 3543 1153 3577 cum
1173 3538 1300 3595 apparatu
1319 3545 1370 3581 suo

267 3613 413 3665 regemque
442 3613 514 3666 genu
538 3597 607 3649 flexo
635 3608 814 3663 venerantur,
842 3597 895 3649 nott
921 3598 1026 3680 quidem
1052 3598 1144 3650 vacuis
1178 3601 1297 3650 manibus
1321 3601 1371 3653 sed

269 3685 360 3721 omnes
394 3668 499 3734 gladios
527 3678 662 3735 gestantes
688 3672 800 3737 regique
818 3671 888 3721 nudo
908 3670 977 3718 omni
998 3678 1128 3721 armatura
1146 3670 1238 3737 plures
1257 3688 1371 3722 numero

269 3740 521 3807 appropinquantes.
567 3741 688 3807 equidem
707 3756 783 3806 vero,
804 3743 848 3809 qui
868 3749 921 3792 tum
943 3741 1063 3792 adessem
1081 3743 1154 3808 regis
1172 3742 1372 3810 simplicitatem

268 3811 376 3860 minime
394 3809 517 3876 probavi,
537 3827 595 3862 cum
616 3811 765 3864 hominibus
784 3812 899 3864 letiferis
921 3801 946 3862 et
966 3813 1075 3862 audacia
1087 3822 1166 3880 atque
1185 3815 1372 3881 intemperan-

269 3881 307 3930 tia
327 3880 494 3934 ferventibus
522 3899 652 3934 armorum
673 3901 768 3950 expers
788 3901 817 3935 sc
835 3885 1006 3934 immisceret

369 3970 420 4022 Sed
439 3972 510 4024 aliud
527 3973 591 4041 quid
610 3975 716 4038 accidit,
736 3974 853 4026 iustitiae
872 3971 977 4039 quidem
994 3973 1108 4024 studium
1126 3975 1198 4041 regis
1218 3974 1371 4058 celebrans,

268 4042 433 4092 immodicam
453 4060 518 4097 vero
537 4061 649 4112 poenam
668 4062 756 4114 neque
774 4061 843 4112 pram
864 4043 1001 4094 exhibens.
1040 4055 1178 4098 accusatus
1199 4048 1269 4098 enim
1288 4047 1370 4100 miles

206 4151 211 4160 s
270 4111 341 4181 quod
370 4112 481 4186 asellum
506 4116 642 4169 Turcicum
664 4118 764 4171 furatus
786 4124 857 4170 esset
885 4115 921 4166 ad
940 4131 1032 4182 regem
1052 4118 1242 4170 adducebatur
1238 4119 1370 4185 vinctus,
