2967 4825
254 252 347 327 ma·
568 226 790 320 tricamus?
818 237 1078 348 amarioris

265 428 324 517 γὰρ
346 428 393 505 εἷς
421 423 558 518 πόλεμον
589 427 822 511 σίντεπεξελθεῖν
865 422 952 509 ου’τρλ
985 416 1015 483 οῖ
1042 420 1076 481 tv
1101 406 1370 499 Ἀδριανουπόλει

248 526 462 615 ’συλλεγέντες
491 527 687 612 στρατιῶται
719 520 903 641 ἐτόλμησαν.
948 513 1048 594 ούτιος
1075 518 1204 637 Θρρῖκύς
1223 540 1300 581 τε.

265 635 321 696 καί
338 627 417 712 μετὰ
437 628 580 711 πλήθους
602 622 766 708 ἀξιολόγου
796 625 851 706 τῆς
877 616 1075 701 Βύζαντος’
1059 614 1153 703 εηηιύς
1173 561 1368 701 6urpuror66·

266 729 428 797 δεύσαντο.
481 727 516 793 τδ
551 720 673 793 δ’σῖλλο
708 728 829 809 πλῆθος
864 724 1009 809 ἐπαφῆκε
1029 720 1093 797 τοὶς
1119 718 1232 793 λοιπὰς
1266 714 1372 793 ιιίιλεις

266 834 320 897 καί
340 831 449 917 χώρας
474 831 653 914 ἀποκείρειν
673 850 706 893 ιε
729 830 784 891 καί
806 826 910 913 δῃοῦν.
939 825 1055 947 δέρους
1078 816 1161 885 δὲ“
1134 844 1220 905 ιορας
1243 822 1373 885 ἐνιστα-
1381 842 1399 894 5

265 938 360 1018 μένης
394 936 450 997 καί
469 935 532 997 ιιύυ
554 932 724 1014 καρπῶνη
705 928 928 1019 ἠρτημένων,
924 924 973 987 ⁰6
995 923 1094 1009 μικροί
1115 946 1163 998 τις
1186 924 1247 987 τῶν
1272 922 1375 1037 ρ’ναγ-

264 1039 363 1100 καίαιν
385 1032 498 1108 σπάνις
521 1041 648 1115 κατεῖχε
669 1028 724 1155 την
743 1025 976 1147 βασιλεύουσαν
996 1029 1052 1090 καί
1071 1022 1126 1100 τοὶς
1142 1022 1254 1098 λοιπὰς
1275 1016 1375 1087 ἕσπε-

265 1141 337 1219 ρίας
352 1134 476 1220 πόλεις,
498 1134 542 1209 αίς
572 1136 626 1197 καί
651 1134 760 1206 αύτοῖς
781 1137 846 1212 τοῖς
873 1126 1020 1217 κτήνεσι
1028 1125 1083 1203 τὰς
1106 1122 1252 1243 τροφούς
1248 1126 1375 1189 tuost-

265 1261 352 1318 σειν,
382 1240 437 1301 καί
462 1237 665 1319 πανταχόθεν
690 1231 929 1311 ε’πιστυγνιίζειν
963 1239 1027 1304 τοῖς
1061 1226 1145 1303 δλοις
1173 1225 1206 1289 τὸ
1232 1218 1375 1310 δίπορον·

267 1332 422 1421 οὔτεγὰρ
455 1335 615 1419 α’ξιύλογος
636 1331 775 1418 στρατιαὶ
811 1336 848 1419 c6
871 1334 1015 1414 βασιλίδι
1044 1332 1158 1413 παρῆν,
1181 1328 1253 1401 τοὺς
1275 1332 1377 1392 πολε·
1387 1344 1420 1396 10

267 1442 363 1521 μίους
384 1442 545 1522 δυναμένη
569 1434 776 1521 ἀπώσασθαι,
801 1426 865 1497 061'
891 1424 1031 1517 ύλληεις
1050 1429 1178 1516 μηχανὴ
1201 1422 1378 1502 εύέλπιδας

190 1569 194 1577 ’
266 1540 342 1615 τούς
357 1540 522 1615 πολίτας’
506 1543 604 1605 εποίει
620 1536 697 1659 πρὸς
720 1535 777 1621 τήν
799 1559 853 1601 του
840 1532 986 1609 ἔθνους
1003 1529 1198 1615 α’παλλαγήν.
1220 1522 1288 1594 ἀλλ’
1306 1528 1380 1593 οὐδ’

269 1637 287 1702 6
310 1636 462 1721 βασιλεύς
474 1635 564 1763 λύηιρ
596 1642 652 1703 καί
675 1638 827 1723 φρονήσει
848 1639 903 1701 καί
929 1637 1117 1721 πολυπειρία
1140 1621 1350 1752 διαφέρων
1327 1653 1380 1713 ην,

268 1734 349 1807 οδστε
372 1738 425 1804 διοὶ
450 1742 505 1822 τῆς
531 1742 646 1814 οἰκείας
663 1736 812 1824 ὀξύτητος
834 1736 924 1803 λύσιν
949 1736 1052 1819 εύρεῖν
1083 1731 1152 1799 τινὰ
1176 1736 1235 1799 τού
1259 1734 1379 1795 δεινοῦ.

268 1846 328 1926 μία
351 1844 386 1906 δὲ
408 1844 507 1924 πᾶσιν
529 1839 632 1905 ἐδόκει
656 1843 718 1905 τῶν
741 1840 900 1913 τοσούτων
922 1839 1025 1903 κακοῖν
1047 1830 1231 1919 αἰιαλλαγὴ·
1276 1830 1295 1918 6
1317 1835 1377 1899 τού
1388 1841 1421 1893 15

233 2026 243 2035 ⁸
270 1939 333 2006 6716
352 1942 528 2024 λογοθετῶν
553 1939 743 2027 Νικηφόρου
766 1937 933 2024 πρὸςτούς
953 1942 1122 2020 πολεμίους
1138 1933 1273 2009 ἔκδυσις.
1293 1936 1376 1999 τού-

271 2044 410 2125 τοιγὰρ
432 2045 574 2126 ἰσχυρῶς
602 2042 744 2127 ἐπεζήτει
767 2046 875 2122 λαβεῖν
896 2044 950 2105 καί
978 2038 1110 2105 κολάσαι
1140 2037 1184 2114 ούς
1203 2038 1268 2101 τῶν
1292 2030 1378 2101 ὅλοιν

271 2145 438 2227 δυσχερῶν
460 2140 573 2220 αἴτιον,
597 2140 652 2211 καί
673 2144 790 2208 ου’τίκα
823 2145 879 2227 τῆς
901 2136 1134 2224 βασιλευούσης
1155 2138 1376 2219 ἀπαναστῆναι

271 2250 324 2311 καί
342 2247 455 2311 δοῦναι
478 2243 536 2329 την
543 2250 729 2365 Ηπροτίραυ
739 2238 851 2311 ἄδειαν
873 2253 938 2320 τοῖς
949 2242 1126 2325 Ῥωμαίοις
1144 2240 1199 2305 καί
1215 2244 1379 2323 κατακλη-

270 2351 372 2430 ρῶσαι
393 2346 431 2413 τοὶ
454 2340 585 2417 ἑαυτῶν.
620 2340 729 2409 α’λλ”
713 2369 728 2408 ο
752 2344 905 2428 βασιλεύς
929 2346 1031 2410 πάντα
1053 2344 1211 2430 προέσθαι
1232 2340 1288 2405 καί
1309 2364 1379 2403 πα-
1358 2360 1421 2418 -20

176 2447 182 2455 “
269 2444 377 2512 δεῖν’
361 2470 487 2528 ετοιμος
509 2440 548 2531 ἧν
571 2441 593 2531 6
613 2444 648 2512 r6
673 2447 900 2533 ζητούμενον
885 2472 919 2512 εκ
942 2449 1044 2529 μέσου
1067 2447 1276 2564 ποιήσασθαι.
1322 2440 1380 2506 καί

270 2550 368 2613 τούτο
385 2547 446 2632 γὰρ
469 2551 611 2633 ἐζητεῖτο
629 2574 680 2613 και
677 2545 932 2632 ἒζυγομαχεῖιο
952 2555 1017 2625 τοῖς
1038 2537 1188 2632 πλείοσιν,
1212 2537 1293 2609 ιίστε
1316 2537 1379 2608 κᾶν

272 2647 316 2735 μὴ
339 2646 467 2726 ἔκδοτος
487 2658 552 2728 τοῖς
572 2651 719 2725 ἐναντίας
743 2652 826 2738 δοθῇ
855 2652 1084 2754 παραλυθῇναι
1104 2652 1180 2724 τέως
1201 2643 1299 2715 αὐτὸν
1321 2648 1378 2730 τῆς

281 2895 285 2904 .
346 2815 388 2866 17.
407 2813 529 2886 ἰσχυριύς
549 2814 564 2870 6
585 2816 704 2888 Νέστωρ
723 2813 791 2872 tm?

273 2977 434 3049 disponens:
465 2995 554 3049 neque
580 2981 650 3033 enim
676 2981 709 3033 ad
727 2979 829 3033 bellum
854 2951 983 3034 obvenire
1000 2980 1024 3032 ei
1049 2979 1095 3048 qui
1114 2975 1292 3045 Adrianopdi
1311 2976 1377 3030 col.

273 3053 338 3105 lecti
370 3053 445 3104 erant
475 3051 573 3106 milites
606 3054 663 3104 ausi
694 3061 770 3105 sunt:
809 3055 848 3106 sic
878 3053 992 3105 Thraces
1028 3059 1055 3102 et
1089 3050 1283 3103 multitudinem
1315 3066 1378 3101 me.

177 3190 181 3206 ,
209 3146 213 3152 ·
273 3131 376 3177 moratu
401 3125 506 3194 dignam
532 3140 616 3193 prope
640 3124 799 3192 Byzantium
838 3126 926 3178 duxit:
960 3123 1089 3192 reliquam
1125 3131 1212 3174 autem
1249 3121 1377 3174 multitu.

274 3195 362 3249 dinem
386 3196 485 3249 dimisit
511 3199 542 3249 ad
576 3207 678 3252 ceteras
709 3197 805 3249 urbes
822 3206 848 3248 et
875 3205 960 3262 terras
994 3196 1139 3248 tondendas
1165 3204 1190 3247 et
1221 3195 1376 3246 vastandas.

273 3277 376 3322 aestate
403 3276 490 3321 autem
519 3278 664 3337 apparente
691 3278 718 3321 et
746 3269 865 3338 frugibus
896 3270 1005 3336 direptis
1029 3283 1083 3318 non
1107 3282 1190 3335 parva
1213 3281 1302 3318 rerum
1322 3283 1377 3318 ne-

275 3341 449 3394 cessariarum
480 3343 573 3409 inopia
599 3343 707 3394 tenebat
733 3341 825 3392 urbem
853 3349 879 3391 et
906 3341 1012 3408 reliqua
1039 3339 1185 3391 occidentis
1211 3339 1320 3406 oppida,
1339 3339 1379 3388 ita

273 3421 304 3464 ut
328 3415 407 3464 etiam
429 3413 509 3498 ..ipsis
527 3414 669 3479 pecoribus
705 3412 829 3464 alimenta
862 3413 988 3464 deessent
1014 3419 1039 3462 et
1069 3412 1184 3478 undique
1216 3410 1379 3478 frequenta-

274 3492 367 3536 rentur
390 3485 524 3536 universis
550 3488 699 3553 angustiae
746 3501 834 3553 neque
861 3486 930 3537 enim
954 3483 1133 3536 memorabilis
1160 3483 1296 3535 exereitus
1315 3481 1378 3533 urbi

274 3557 368 3641 regiae
387 3558 493 3621 aderat,
518 3559 564 3626 qui
590 3565 682 3623 posset
703 3556 793 3609 hostes
813 3556 968 3624 depellere,
987 3572 1076 3625 neque
1096 3554 1166 3606 aliud
1183 3554 1267 3606 ullum
1288 3555 1379 3606 artili-

277 3629 346 3680 cium
366 3628 489 3693 iaciebat,
508 3637 537 3680 ut
556 3629 630 3680 cives
648 3630 719 3680 bono
738 3630 825 3680 animo
848 3636 937 3681 essent
955 3629 987 3680 ad
1000 3628 1092 3713 populi
1110 3627 1306 3679 liberationem
1328 3625 1380 3680 sed

217 3708 220 3713 “
274 3714 364 3768 neque
379 3715 431 3750 rex
449 3702 570 3750 oratione
589 3700 635 3752 vel
656 3700 795 3767 prudentia
822 3700 868 3752 vel
898 3702 1065 3768 experientia
1082 3699 1243 3767 praestabat,
1261 3707 1291 3750 ut
1307 3713 1379 3766 pro.

274 3772 335 3838 pria
354 3771 499 3838 sagacitate
518 3770 679 3822 solutionem
697 3771 805 3822 ullam'
798 3775 922 3824 invenire
941 3775 1073 3840 potuisset
1090 3771 1223 3840 periculi.
1250 3785 1303 3822 una
1324 3787 1378 3823 au.

274 3848 327 3892 tem
349 3841 470 3894 omnibus
491 3842 631 3901 videbatur
649 3851 780 3895 tantorum
798 3843 927 3896 malorum
952 3845 1092 3909 liberatio,
1111 3844 1133 3896 si
1152 3842 1320 3910 Nicephorus
1344 3859 1379 3894 ex

275 3912 415 3983 logotheta
442 3914 562 3967 hostibus
589 3915 752 3968 traderetur:
778 3916 849 3969 bunc
875 3919 945 3969 enim
970 3915 1048 3969 valde
1073 3915 1194 3968 studebat
1219 3930 1316 3981 capere
1351 3923 1380 3965 et

276 3989 407 4055 castigare
433 3995 462 4039 ut
490 3989 605 4038 omnium
634 3986 817 4041 difficultatum
837 3998 987 4054 auctorem,
1007 3997 1034 4040 et
1052 3989 1138 4042 statim
1157 3986 1189 4037 ab
1208 3987 1273 4039 urbe
1293 4003 1379 4038 rece-

275 4057 350 4121 dere,
370 4065 397 4108 et
413 4060 476 4110 dare
494 4060 610 4127 priorem
629 4061 799 4112 securitatem
809 4061 917 4114 Graecis
938 4069 964 4112 et
980 4027 1054 4113 sorte
1070 4059 1190 4112 dividere
1207 4075 1251 4112 res
1271 4074 1377 4110 eorum

274 4129 322 4183 sed
340 4145 389 4181 rex
407 4133 494 4182 omnia
518 4131 673 4201 relinquere
702 4141 729 4185 et
756 4134 810 4201 pati
829 4135 918 4201 potius
939 4141 995 4185 erat
1019 4140 1135 4201 paratus,
1155 4147 1230 4200 quam
1249 4131 1379 4199 postula-

274 4200 353 4256 batur
371 4209 399 4256 et
416 4203 613 4271 disceptabatur
631 4220 647 4258 a
670 4205 810 4273 plurimis,
830 4213 858 4257 ut
876 4206 928 4258 nisi
948 4205 1109 4260 adversariis
1129 4203 1296 4302 traderetur,
1318 4203 1378 4256 ali-
