2967 4825
560 233 767 304 maronis.
896 190 898 198 ’
996 231 1000 238 ·
1131 219 1211 294 aaa

1076 315 1096 352 ι

222 404 455 487 Φιλόνθροοπος
478 403 513 466 δὲ
532 391 577 464 dv
599 401 644 473 εἷς
664 377 700 462 τό
725 391 805 480 ἄγαν
827 395 844 457 ό
872 389 1024 475 βασιλεῦς
1047 393 1101 454 καί
1120 384 1213 470 νόμον

119 510 224 589 ἕτερον
246 499 408 581 όνεζιόωσε
423 501 571 565 θανόντα
597 500 762 578 κοτ’κεῖνον,
789 497 842 558 καί
864 493 1002 558 θάνατον
1027 497 1153 564 πολλοῖς
1181 489 1369 584 &allectum

28 689 29 692 η
118 611 173 690 τῆς
194 603 382 688 θνητότητος
394 600 552 682 όπότομον
563 603 618 663 καί
638 601 877 682 α’μεταμὲλητον
900 590 1141 678 παρεισόξαντα.
1169 589 1215 662 τίς

118 711 153 773 δὲ
176 697 316 784 οὗτος,ό
338 701 427 786 λόγος
449 700 585 787 δηλώσει
603 699 732 785 προῖοόν.
776 698 791 763 ό
813 701 846 764 όν
868 701 1052 779 βασιλεῦσιν
1071 693 1216 772 ἀοίδιμος

95 807 289 881 ΞίΘεοόόσιος
309 805 550 872 στασιασάντων
571 808 646 869 ποτὲ
659 804 752 867 τινοῖν
763 802 830 866 κατ’
852 801 964 875 αότοό,
985 796 1109 884 μεγάλῳ
1121 795 1216 882 θυμῷ
1282 847 1285 853 .

117 912 353 994 καταφλεχθείς
374 906 432 990 τὴν
453 903 572 990 ψυχήν,
594 898 734 969 θάνατον
756 901 1216 984 τοότοννοῖνναερθέτωςκατε·

117 1013 291 1095 ψηφίσατο.
335 1011 380 1083 είς
402 1005 513 1074 ἓαοτόν
535 1007 765 1090 δὲ’γενόμενος,
786 1005 963 1086 μᾶλλονδὲ
986 1000 1041 1066 καί
1058 994 1143 1082 παρό
1157 1021 1215 1062 τον

92 1114 180 1194 ,τεόν
204 1106 372 1196 θεοφόρων
395 1109 521 1193 οἷνόριόν
543 1109 626 1191 μετὰ
646 1110 826 1192 παρρησίας
851 1101 1059 1186 α’πελεγχθείς
1091 1103 1145 1165 καί
1171 1101 1217 1176 σός

115 1213 294 1296 μιαιφόνος
316 1212 379 1276 τοόν
400 1213 661 1300 ἓκκλησιαστικοόν
684 1210 859 1292 περιβόλων
890 1207 1127 1282 ἀποκλεισθείς,
1155 1223 1215 1283 με-

44 1361 50 1369 -
81 1307 254 1393 ιθτοίμελον
272 1309 411 1395 ἔθρεψε,
433 1316 487 1377 καί
510 1311 762 1394 τότ’ἑλίγχοντα
791 1306 836 1372 δι”
862 1310 971 1380 αιίλοῦς
1001 1301 1214 1389 ποιησόμενος
1225 1310 1244 1364 f.
1263 1303 1314 1365 237
1325 1320 1353 1360 κ.

116 1416 171 1476 καί
192 1411 358 1496 ἀγαπήσας
379 1411 475 1476 οότόν
497 1412 540 1486 ὦς
560 1408 678 1496 σοφός,
702 1406 790 1492 εἴπερ
815 1409 933 1493 ἀληθὲς
951 1405 986 1471 τό
1004 1401 1134 1486 “disne
1157 1425 1231 1466 oo-·

117 1508 198 1598 φόν,
231 1514 286 1576 καί
305 1512 462 1595 όγαπήσει
484 1512 556 1592 σε”,
580 1509 657 1594 γόνν
678 1509 777 1598 τοότιρ
808 1505 924 1588 ἔκλινε,
957 1509 1011 1570 καί
1030 1500 1217 1587 σνγγνιόμην

116 1596 195 1694 μετὰ
219 1599 335 1695 πολλῆς
365 1615 503 1695 οἰμωγῆς
534 1612 594 1676 καί
623 1614 795 1696 σαντριβῆς
823 1603 930 1698 ᾔτησε.
982 1609 1037 1670 καί
1067 1607 1129 1668 τοῖν
1159 1625 1217 1666 πε-

37 1781 45 1795 ρ
118 1698 390 1797 πλημμελημόνοον
411 1715 506 1789 α’ξίαν
525 1712 736 1795 ποιησόμενος
759 1710 817 1794 την
838 1707 1027 1791 μετάνοιαν,
1047 1709 1101 1770 καί
1122 1706 1215 1768 πλέον

80 1831 108 1885 15
117 1805 194 1896 ἤπερ
218 1815 316 1895 ἐχρῆν
335 1809 446 1900 ίόιιότη
466 1819 685 1893 ταπεινωθείς,
708 1811 914 1892 συμπάθειαν
938 1807 1032 1889 ἔλαβε
1058 1801 1144 1886 παραὶ
1160 1805 1217 1867 τοῦ

117 1910 234 1998 α’νδρός
257 1904 310 1995 (ἦν
331 1913 366 1976 δὲ
389 1904 481 1988 οὗτος
503 1913 518 1976 ό
539 1917 638 1994 μέγας
659 1912 849 1994 Ἀμβρόσιος
871 1905 886 1972 ό
910 1912 973 1974 τεόν
1005 1903 1217 1970 Μεδιολόνων

53 2079 57 2091 ,
116 2010 317 2093 ἐπίσκοπος),
340 2016 394 2076 καί
410 2017 465 2096 τῆς
493 2018 663 2097 καθολικῆς
689 2011 855 2095 ἐκκλησίας
886 2012 939 2073 καί
967 2010 1022 2093 τῆς
1051 2003 1214 2076 κοινωνίας

117 2106 162 2188 εἷς
183 2118 332 2196 γενέσθαι
353 2116 429 2196 παρ’
450 2114 551 2179 αότοό
571 2119 773 2200 κατηξίωται.
818 2111 921 2177 ἔκτοτε
944 2101 1000 2174 οόν
1031 2104 1066 2172 τό
1101 2107 1218 2190 οἶπηνὲς

117 2213 172 2279 καί
192 2212 351 2294 α’πότομον
373 2217 428 2278 καί
447 2209 816 2303 όχρανοντῆςτιμωριάς
837 2213 1026 2284 κινδυνῶδες
1038 2213 1092 2272 καί
1113 2202 1217 2271 α’πόν-

79 2321 248 2398 ορθρωπον
269 2316 484 2396 λογισάμενος,
504 2316 618 2397 χρόνον
634 2313 777 2400 ὡρίσατο
791 2315 848 2398 την
870 2306 1030 2392 ἀναβολὴν
1051 2313 1106 2392 τῆς
1119 2333 1218 2388 τιμω·

116 2422 189 2499 ριάς
217 2414 418 2500 παρέχοντα,
444 2423 602 2491 θεσπίσας
627 2416 671 2502 μη
702 2416 778 2498 πρίν
806 2417 847 2477 δι’
871 2416 1004 2493 αἵματος
1026 2405 1217 2488 κολάζεσθαι

118 2511 287 2602 όνθρωπον
309 2510 331 2601 ἢ
352 2515 521 2601 τριόκοντα
546 2515 673 2605 ἧμεροῖν
694 2520 918 2607 παρῳχηκέναι
951 2511 1111 2598 διάστημα
1131 2510 1212 2591 μετὰ

115 2616 173 2701 τὴν
196 2624 264 2683 κατ’
297 2620 396 2705 adres}
418 2626 603 2686 τιλενταίοιν
629 2614 809 2707 dropace.
855 2614 961 2682 ἔκτοτε
994 2616 1029 2679 dt
1057 2612 1074 2677 ό
1102 2612 1218 2697 χρόνος

218 2947 353 3001 llumanus
370 2949 451 3002 valde
468 2964 518 3001 rex
536 2939 614 3002 ctiain
633 2951 713 3003 aliam
729 2949 818 3019 legem
837 2950 1010 3003 resuscitavit
1028 2952 1173 3003 emortuam
1193 2956 1221 3001 et
1249 2992 1254 2999 ,

118 3021 208 3086 illam,
228 3036 296 3089 quae
314 3028 425 3072 mortem
443 3020 534 3072 multis
560 3038 593 3072 ex
610 3022 772 3075 mortalitate
799 3022 973 3087 praecipitem
993 3027 1020 3071 ct
1037 3022 1220 3087 poenitentiae

120 3102 257 3161 expertem
275 3092 397 3143 inferret.
435 3108 504 3160 quae
521 3092 589 3143 haec
608 3094 690 3145 luerit
708 3094 793 3145 oratio
813 3092 960 3154 declarabit
979 3093 1137 3159 procedens.
1168 3106 1220 3143 vc.

119 3164 248 3217 ncrabilis
266 3166 337 3215 inter
362 3178 441 3230 reges
462 3162 641 3229 Theodosius,
662 3181 721 3216 cum
741 3165 904 3217 seditionem.
919 3171 1059 3215 moverent
1077 3162 1220 3230 aliquando

120 3236 245 3287 nonnulli
265 3242 356 3286 contra
384 3250 457 3298 eum,
481 3250 577 3301 magna
602 3238 641 3287 ira
660 3235 775 3304 flagrans
793 3238 899 3300 animo,
918 3243 1028 3287 mortem
1049 3235 1144 3285 horam
1162 3234 1220 3286 sinc

119 3322 196 3359 mora
219 3307 365 3360 constituit.
410 3321 469 3357 cum
495 3312 582 3356 autem
601 3323 690 3358 secum
719 3316 791 3359 esset
808 3308 946 3376 magisque
975 3308 1089 3358 etiams
1108 3306 1220 3373 quodam

121 3379 272 3431 divinorum
300 3378 417 3428 virorum
445 3376 531 3427 libere
550 3377 748 3443 vituperaretur
766 3387 802 3429 ‚et
819 3380 896 3447 quasi
914 3379 1067 3446 inquinatus
1088 3377 1221 3428 ecclcsiae
1287 3430 1291 3436 ,

120 3450 202 3502 muris
220 3448 417 3514 excluderetur,
428 3448 621 3516 poenitentiam
637 3449 704 3500 aluit
716 3457 743 3500 et
758 3450 954 3516 vituperantem
965 3451 1067 3502 veritus
1087 3457 1114 3499 et
1132 3462 1221 3499 amaus

122 3538 182 3574 eum
201 3528 231 3571 ut
248 3520 365 3587 sapiens,
384 3522 407 3571 si
427 3521 532 3588 quidem
551 3535 644 3571 verum
663 3521 794 3588 estquod
815 3522 927 3573 dicitur:
953 3523 1093 3586 „vitupera
1111 3521 1221 3586 sapien-

121 3602 174 3645 tem
194 3599 222 3643 et
239 3591 336 3644 amabit
353 3599 406 3655 te,“
428 3600 454 3642 et
472 3590 579 3643 veniam
600 3608 658 3643 cum
677 3592 760 3642 multa
777 3591 969 3643 lamentatione
998 3599 1024 3643 ct
1042 3590 1151 3657 planctu
1169 3606 1221 3658 pe.

120 3664 203 3726 tivit,
234 3671 260 3713 ct
284 3672 456 3729 peccatorum
483 3663 588 3731 diguam
612 3664 754 3715 instituens
777 3664 969 3730 poenitentiam
995 3669 1022 3713 et
1038 3663 1123 3730 magis
1144 3676 1221 3730 quarn

120 3735 212 3788 debuit
229 3735 334 3801 privato
354 3735 483 3787 demissus
501 3736 711 3787 misericordiam
730 3736 869 3803 accepite
898 3735 958 3786 viro
981 3736 1053 3803 (erat
1071 3741 1158 3785 autem
1177 3734 1222 3784 hic

120 3821 232 3873 magnus
249 3804 422 3869 Ambrosius,
447 3806 654 3860 Mediolanensis
674 3808 850 3875 episcopus):
874 3815 954 3875 atque
973 3804 1108 3875 generalis
1129 3805 1221 3856 ecclc.

119 3880 178 3930 siae
197 3884 224 3928 ct
242 3877 380 3928 societatis
400 3879 461 3945 p'ars
480 3879 538 3930 lieri
558 3879 591 3929 ab
615 3895 648 3929 co
673 3880 796 3948 dignatus
821 3886 870 3929 est
909 3878 1004 3929 exinde
1022 3878 1105 3945 igitur
1123 3878 1221 3928 crude.

118 3949 173 3999 lem
203 3955 230 3998 et
246 3950 420 4016 praecipitem
447 3958 473 4000 et
497 3959 690 4017 praematuram
714 3951 846 4001 rationem
874 3963 979 4015 poenae
997 3947 1176 4014 periculosam
1196 3956 1223 3999 et

118 4021 260 4070 immanem
285 4028 357 4072 ratus
389 4028 492 4088 tempus
513 4024 665 4087 constituit,
691 4021 846 4074 dilationem
871 4033 975 4087 poenae
995 4018 1142 4084 praebens:
1163 4019 1221 4069 edi.

121 4105 202 4155 cens,
227 4106 262 4141 ne
285 4100 364 4143 antea
383 4094 513 4159 sanguine
532 4096 671 4160 puniretur
689 4094 843 4162 quisquam,
874 4098 1014 4158 antequam
1033 4090 1142 4157 triginta
1161 4090 1221 4142 dic.

120 4176 180 4215 rum
198 4164 382 4231 praeteriisset
400 4165 512 4235 spatium
532 4174 594 4233 post
620 4164 738 4219 ultimam
759 4164 916 4218 ‘sentcntiae
936 4168 1026 4215 contm
1045 4176 1103 4215 eum
1122 4158 1220 4215 editio.
