2967 4825
261 261 334 334 roo
390 278 392 282 ¹
426 219 435 231 ’
564 253 780 323 arcelaus
810 212 1068 377 emenonis

260 428 347 517 νίκην
368 429 421 495 διό
443 432 502 495 cori
531 429 690 520 asamonaei
710 428 844 512 σημείου
865 432 929 500 τοῖς
956 426 1109 497 ἐναντίοις
1138 412 1363 505 παραπεμψαῖ-

259 553 374 613 μενος,
405 529 513 606 καθοός
539 527 568 593 οἱ
601 526 640 593 τό
676 530 812 593 τοιαῦτα
844 526 1078 610 διακριβοόντες
1099 516 1364 603 συμβάλλουσιν*

261 626 299 696 ori
320 630 380 717 yo'p
402 630 466 697 ἔδει
488 630 597 715 μα’χης
619 634 824 713 προκειμένης
845 630 987 691 τοιοῦτον
1004 628 1166 707 σύμβολον
1186 623 1219 699 έξ
1242 616 1364 684 ἑαυτοῦ

259 730 339 818 πρός
353 736 523 809 ’ἐναντίους
544 736 741 813 μεταθεῖναι.

362 832 404 899 Τό
429 837 458 898 δ’
480 831 541 900 α’πό
561 834 652 900 τοῦδε
668 831 859 918 δοσοίντητος
881 831 957 913 ήμῖν
978 829 994 893 ό
1014 830 1101 913 λόγος
1124 825 1177 891 διδ
1200 821 1234 890 τό
1257 822 1388 909 ἔργω-5

259 941 312 1014 δες
332 941 395 1002 τοόν
431 935 646 1019 ἀτυχημάτων
680 936 734 998 καί
762 935 833 998 λίαν
855 929 1046 1017 α’πόφημον,
1069 930 1123 993 καί
1142 924 1199 1012 τήν
1221 928 1267 1002 εἰς
1288 924 1363 1000 τοός

181 1054 193 1075 ’
254 1040 432 1121 Ῥωμαίους
452 1037 675 1124 έπεουμβοῖσαν
692 1032 940 1118 χαλεπωτάτην)
953 1035 1158 1115 δυσκληρίαν.

362 1132 463 1206 Otium
481 1140 568 1212 τέλος
589 1133 665 1219 ἔσχε
698 1136 768 1199 οὐδ’
789 1131 945 1216 α’ναβολήν
967 1132 985 1217 ή
1008 1134 1070 1195 τῶν
1093 1132 1256 1215 πρέσβεων
1279 1121 1365 1215 dpa-

259 1249 329 1329 ξος,
349 1242 407 1306 καί
424 1263 504 1316 τινες
534 1242 594 1304 τῶν
626 1234 803 1321 ἐγγυτάτων
832 1236 873 1323 τῷ
899 1241 1030 1316 βασιλεῖ
1058 1225 1224 1297 πείθουσιν
1260 1228 1364 1293 αδτόν

259 1326 483 1426 α’ποβαλέσθαί
501 1339 559 1424 τήν
581 1338 707 1426 εἰρήνην
743 1337 786 1415 οἷς
809 1342 1008 1425 ψευδομένην
1030 1338 1062 1404 τό
1088 1336 1177 1423 ἔργον
1198 1337 1253 1401 καί
1273 1338 1364 1401 α’πα-
1375 1351 1410 1404 10

259 1448 364 1511 τοόσαν
387 1445 508 1525 μᾶλλον
530 1434 551 1525 ἢ
571 1440 605 1505 τό
629 1446 795 1527 συμφέρον
816 1444 1001 1506 ἐθέλουσαν.
1044 1441 1181 1504 δεδιέναι
1202 1439 1263 1523 γάρ
1281 1462 1366 1525 φασι

259 1542 313 1609 τόν
334 1542 507 1609 σουλτόνον
528 1539 581 1606 διό
604 1538 639 1606 τό
661 1540 705 1625 μή
729 1540 893 1624 ἀξιόλογον
927 1540 1013 1624 ἔχειν
1038 1540 1174 1623 δύναμιν
1196 1544 1250 1604 καί
1268 1563 1366 1623 περι-

259 1652 365 1728 μένειν
389 1643 461 1719 τούς
492 1642 622 1732 κατόπιν
650 1643 751 1707 αότοό
773 1644 979 1725 βαδίζοντας,
1015 1645 1070 1707 καί
1092 1644 1136 1729 τῷ
1159 1640 1366 1724 προσχήματι

259 1750 314 1830 τῆς
335 1745 460 1830 εἰρήνης
493 1748 698 1829 μετεωρίζειν
727 1740 782 1808 τόν
801 1744 936 1828 χρόνον,
958 1740 1000 1818 τός
1022 1738 1061 1808 dv
1085 1739 1312 1824 ἐπικαταλόβοι
1330 1738 1365 1805 τό

260 1846 416 1929 όστεροόν
450 1844 698 1930 τήςδυνόμεῳς.
757 1849 849 1908 τοῦτο
870 1844 969 1929 ῥηθὲν
994 1844 1170 1929 διανίστησι
1192 1843 1413 1926 stirpiaco-15

261 1950 318 2012 λέα
337 1946 579 2029 πρόςπόλεμον.
622 1948 675 2010 καί
693 1944 721 2011 οἱ
742 1948 802 2028 μέν
825 1946 959 2030 Τοόρκοι.
975 1943 1052 2011 nurci
1075 1947 1160 2031 σφᾶς
1183 1942 1300 2025 αότοός
1323 1942 1365 2009 τοὶ

261 2049 318 2131 τῆς
330 2047 456 2131 εἰρήνης
479 2042 798 2130 έπραγματεόοντο,ό
821 2049 856 2111 δὲ
876 2045 1027 2129 βασιλεός
1046 2046 1202 2122 σαλπίσας
1222 2045 1257 2111 τό
1271 2044 1368 2109 ivod-

263 2155 331 2212 λιον
362 2143 416 2214 τόν
445 2149 550 2229 μόθον
582 2146 772 2233 παραλόγως
805 2150 967 2234 ἐκρότησε.
999 2152 1248 2231 ’καταλαβοῦσα
1286 2142 1366 2229 δ’-ή

263 2247 355 2335 φήμη
379 2249 451 2325 τοός
471 2247 633 2324 ἐναντιοός
654 2251 808 2334 ἐξέπληξε.
853 2253 928 2326 τέως
953 2252 982 2313 δ’
1004 2242 1059 2314 οὖν
1093 2252 1367 2330 καθοπλισάμενοι
1455 2239 1458 2242 ’

171 2374 174 2380 ·
262 2348 317 2415 καί
336 2352 432 2416 αδτοί
450 2348 486 2416 τό
508 2352 568 2432 μὲν
591 2342 749 2437 ἄχρηστον
773 2342 894 2436 πλῆθος
917 2352 961 2428 είς
982 2352 1124 2440 ιοόπίσω
1153 2349 1415 2437 προήλαυνον,κο

262 2453 355 2518 ositos*
373 2455 409 2517 δέ
432 2451 564 2518 κατόπιν
586 2458 767 2539 φαντασίαν
792 2455 918 2518 ἐδίδουν
946 2457 1116 2540 πολεμικῆς
1142 2452 1369 2537 α’νειπαρατόέ

259 2558 348 2632 ξεως.
363 2551 399 2620 τό
414 2555 450 2617 δὲ
470 2561 612 2619 πλεῖστον
634 2552 720 2640 φυγή
732 2577 778 2629 τις
800 2561 945 2640 κατεῖχεν
967 2555 1096 2635 αότοός,
1117 2555 1368 2638 συντεταγμένας

218 2769 222 2777 ’
315 2818 318 2823 Ι
339 2751 381 2802 11.
400 2726 561 2808 ἐθέλουσαν
580 2751 729 2819 interpres:
750 2751 780 2807 0.
800 2753 942 2808 ἐθέλουσι.
1051 2767 1125 2825 φησι
1144 2751 1173 2806 G.

263 2920 318 2977 tem
336 2923 478 2976 victoriam
496 2923 610 2977 victrice
628 2925 746 2995 imagine
764 2925 886 2978 hostibus
903 2925 1022 2989 miserat,
1041 2933 1070 2976 ut
1089 2927 1109 2976 ii
1127 2927 1172 2994 qui
1191 2924 1218 2976 in
1237 2923 1301 2976 talia
1321 2917 1368 2976 i'n.

266 2997 375 3064 quirunt
392 2995 553 3048 coniiciunt:
579 3012 667 3064 neque
687 2997 757 3048 enim
776 2997 916 3064 oportebat
943 3013 1032 3066 pugna
1050 2998 1166 3050 instante
1184 2996 1240 3048 tale
1260 2997 1369 3066 signum

262 3067 296 3120 ab
314 3067 374 3135 ipso
392 3067 423 3119 ad
441 3067 568 3120 adversos
587 3069 735 3121 transferri.

292 3192 295 3197 <
360 3155 425 3208 lnde
443 3155 476 3208 ab
496 3155 536 3209 his
555 3166 641 3208 autem
661 3158 712 3208 iam
731 3157 851 3210 difficilis
866 3158 982 3210 narratio
1003 3165 1112 3224 propter
1131 3166 1249 3210 atrocem
1268 3173 1300 3209 ac
1319 3159 1367 3209 ni.

174 3283 178 3295 f
259 3228 309 3281 mis
328 3228 468 3281 infaustam
488 3227 664 3281 calamitatem
676 3224 713 3279 'et
731 3229 765 3280 ob
784 3231 966 3298 gravissimam
986 3229 1171 3281 infelicitatem
1183 3230 1299 3283 Graecos
1320 3231 1368 3281 in-

260 3308 408 3369 gruentem.
1186 3319 1197 3332 τ

359 3396 480 3449 Nondum
505 3398 583 3450 linem
608 3397 717 3449 tenebat
742 3413 830 3465 neque
856 3397 951 3449 dilatus
981 3406 1036 3450 erat
1055 3399 1184 3451 adventus
1204 3399 1367 3466 legatorum,

170 3474 172 3477 ’
261 3485 321 3521 cum
340 3470 478 3537 quideme
507 3470 635 3534 proximis
662 3470 721 3538 regi
739 3470 910 3535 persuadent,
929 3477 958 3520 ut
982 3486 1075 3537 pacem
1093 3470 1223 3536 abiiceret
1241 3480 1369 3538 tanquam

261 3541 411 3594 simulatam
431 3554 528 3590 revera
554 3548 582 3590 et
610 3541 788 3605 decipientem
813 3542 897 3608 magis
922 3556 998 3608 quam
1029 3541 1171 3593 utilitatem
1190 3550 1367 3608 spectantem.

219 3642 222 3646 ,
260 3613 382 3664 timuisse
402 3611 491 3675 enim,
511 3611 617 3674 dicunt,
636 3610 785 3674 sultanum,
812 3613 909 3678 quippe
936 3614 980 3680 qui
1007 3628 1062 3664 non
1087 3612 1200 3665 haberet
1219 3623 1369 3666 memoratu

261 3684 367 3749 dignam
389 3683 443 3733 uim
463 3689 490 3731 et
512 3689 668 3747 exspectare
688 3682 733 3748 qui
754 3680 786 3732 ab
806 3683 888 3748 ipsius
908 3691 984 3752 tergo
1005 3679 1233 3752 progrederentur
1253 3693 1279 3736 et
1298 3701 1369 3752 pace

246 3751 384 3805 'simulata
403 3760 505 3818 tempus
525 3751 632 3816 ducere,
654 3759 683 3802 ut
700 3752 751 3804 sibi
771 3753 879 3804 adderet
904 3754 1014 3807 relictos
1033 3755 1148 3811 milites:
1171 3772 1240 3825 quae
1258 3759 1368 3825 quidem

262 3824 346 3876 rerba
365 3839 457 3892 regem
476 3823 508 3874 ad
527 3823 628 3874 bellum
646 3824 803 3890 perducunt.
851 3833 931 3892 atque
951 3826 1050 3878 Turcae
1070 3829 1176 3895 quidem
1194 3830 1265 3880 inter
1284 3845 1314 3881 se
1334 3831 1369 3881 de

262 3911 329 3962 pace
348 3895 581 3948 deliberaverunt:
600 3911 648 3946 rex
667 3910 733 3947 vero
755 3911 812 3946 cum
831 3895 959 3948 bellicum
987 3899 1132 3949 cecinisset
1149 3914 1239 3968 pugna
1258 3911 1369 3967 praeter

265 3968 420 4034 opinionem
438 3968 513 4018 vicit.
552 3982 619 4034 quae
639 3967 707 4018 lama
726 3983 785 4016 cum
804 3968 837 4018 ad
856 3967 984 4021 adversos
1001 3971 1182 4036 pervenisset,
1203 3987 1250 4024 eos
1268 3973 1370 4024 timore

262 4037 401 4106 perculsit.
439 4041 542 4090 interea
563 4053 629 4090 vero
650 4047 676 4091 et
694 4038 746 4104 ipsi
765 4039 857 4090 armati
876 4038 979 4090 turbam
1009 4040 1130 4092 inutilem
1149 4043 1176 4094 in
1194 4045 1298 4112 terssum
1318 4061 1370 4097 re.

263 4108 408 4181 pulerunt,
428 4110 478 4175 ipsi
506 4117 593 4160 autem
617 4109 734 4160 bellicae
767 4110 835 4161 aciei
868 4111 1048 4176 spectaculum
1079 4113 1130 4164 iam
1153 4115 1216 4166 inde
1251 4114 1282 4167 ab
1312 4115 1369 4168 hoc
1459 4171 1464 4179 ,

261 4179 459 4252 praebuerunt:
483 4179 624 4246 plurimum
653 4195 720 4232 vcro
738 4182 851 4234 terroris
875 4181 908 4234 iis
932 4182 1270 4239 inieceruntffGraecorum
1294 4187 1369 4255 pha.
