<?xml version="1.0" encoding="UTF-8"?>
<!DOCTYPE html PUBLIC "-//W3C//DTD XHTML 1.0 Transitional//EN"
    "http://www.w3.org/TR/xhtml1/DTD/xhtml1-transitional.dtd">
<html xmlns="http://www.w3.org/1999/xhtml" xml:lang="en" lang="en">
 <head>
  <title>
</title>
<meta http-equiv="Content-Type" content="text/html;charset=utf-8" />
  <meta name='ocr-system' content='tesseract 3.04.00' />
  <meta name='ocr-capabilities' content='ocr_page ocr_carea ocr_par ocr_line ocrx_word'/>
</head>
<body>
  <div class='ocr_page' id='page_1' title='image "./corpusscriptoru41theogoog/corpusscriptoru41theogoog_0091.png"; bbox 0 0 2967 4825; ppageno 0'>
   <div class='ocr_carea' id='block_1_1' title="bbox 514 277 1272 407">
    <p class='ocr_par' dir='ltr' id='par_1_1' title="bbox 514 277 1272 407">
     <span class='ocr_line' id='line_1_1' title="bbox 514 277 1272 407; baseline -0.009 -15"><span class='ocrx_word' id='word_1_1' title='bbox 514 324 746 392; x_wconf 80' lang='lat' dir='ltr'>nioman.</span> <span class='ocrx_word' id='word_1_2' title='bbox 1145 277 1194 387; x_wconf 77' lang='lat' dir='ltr'><strong><em>ta</em></strong></span> <span class='ocrx_word' id='word_1_3' title='bbox 1264 396 1272 407; x_wconf 51' lang='grc'><strong><em>,</em></strong></span> 
     </span>
    </p>
   </div>
   <div class='ocr_carea' id='block_1_2' title="bbox 16 483 1300 2902">
    <p class='ocr_par' dir='ltr' id='par_1_2' title="bbox 16 483 1300 2902">
     <span class='ocr_line' id='line_1_2' title="bbox 90 483 1194 575; baseline -0.005 -22"><span class='ocrx_word' id='word_1_4' title='bbox 90 486 303 570; x_wconf 79' lang='grc' dir='ltr'><strong><em>τὸνβασιλέα</em></strong></span> <span class='ocrx_word' id='word_1_5' title='bbox 331 484 481 551; x_wconf 85' lang='grc' dir='ltr'><strong><em>κατιόντα</em></strong></span> <span class='ocrx_word' id='word_1_6' title='bbox 508 488 552 575; x_wconf 73' lang='grc' dir='ltr'><strong><em>τῷ</em></strong></span> <span class='ocrx_word' id='word_1_7' title='bbox 578 488 721 573; x_wconf 72' lang='grc' dir='ltr'><strong><em>κυδοιμῷ</em></strong></span> <span class='ocrx_word' id='word_1_8' title='bbox 748 488 1018 571; x_wconf 82' lang='grc' dir='ltr'><strong><em>κατεπτοημένον,</em></strong></span> <span class='ocrx_word' id='word_1_9' title='bbox 1041 483 1096 550; x_wconf 86' lang='grc' dir='ltr'><strong><em>καί</em></strong></span> <span class='ocrx_word' id='word_1_10' title='bbox 1115 484 1194 569; x_wconf 83' lang='grc' dir='ltr'><strong><em>πρὸς</em></strong></span> 
     </span>
     <span class='ocr_line' id='line_1_3' title="bbox 92 581 1195 676; baseline -0.005 -22"><span class='ocrx_word' id='word_1_11' title='bbox 92 589 132 654; x_wconf 84' lang='grc' dir='ltr'><strong><em>τά</em></strong></span> <span class='ocrx_word' id='word_1_12' title='bbox 145 593 295 676; x_wconf 76' lang='grc' dir='ltr'><strong><em>βασίλεια</em></strong></span> <span class='ocrx_word' id='word_1_13' title='bbox 307 592 461 670; x_wconf 81' lang='grc' dir='ltr'><strong><em>μέλλοντα</em></strong></span> <span class='ocrx_word' id='word_1_14' title='bbox 475 591 713 674; x_wconf 74' lang='grc' dir='ltr'><strong><em>παραγενέσθαι</em></strong></span> <span class='ocrx_word' id='word_1_15' title='bbox 728 590 784 652; x_wconf 88' lang='grc' dir='ltr'><strong><em>καί</em></strong></span> <span class='ocrx_word' id='word_1_16' title='bbox 795 581 1096 674; x_wconf 85' lang='grc' dir='ltr'><strong><em>κατασφαλισθῆναι</em></strong></span> <span class='ocrx_word' id='word_1_17' title='bbox 1114 584 1195 671; x_wconf 83' lang='grc' dir='ltr'><strong><em>πρὸς</em></strong></span> 
     </span>
     <span class='ocr_line' id='line_1_4' title="bbox 92 687 1195 775; baseline -0.002 -20"><span class='ocrx_word' id='word_1_18' title='bbox 92 688 162 775; x_wconf 76' lang='grc' dir='ltr'><strong><em>τῆν</em></strong></span> <span class='ocrx_word' id='word_1_19' title='bbox 178 687 365 774; x_wconf 73' lang='grc' dir='ltr'><strong><em>ἐπιβουλήν,</em></strong></span> <span class='ocrx_word' id='word_1_20' title='bbox 394 687 412 751; x_wconf 83' lang='lat' dir='ltr'>t</span> <span class='ocrx_word' id='word_1_21' title='bbox 440 691 563 767; x_wconf 86' lang='grc' dir='ltr'><strong><em>πάντας</em></strong></span> <span class='ocrx_word' id='word_1_22' title='bbox 592 688 771 772; x_wconf 78' lang='grc' dir='ltr'><strong><em>ἀναγκαίως</em></strong></span> <span class='ocrx_word' id='word_1_23' title='bbox 801 690 930 773; x_wconf 86' lang='grc' dir='ltr'><strong><em>ποιῆσαι</em></strong></span> <span class='ocrx_word' id='word_1_24' title='bbox 959 692 1070 755; x_wconf 76' lang='grc' dir='ltr'><strong><em>τοῦτον</em></strong></span> <span class='ocrx_word' id='word_1_25' title='bbox 1098 689 1195 773; x_wconf 82' lang='grc' dir='ltr'><strong><em>προδ-</em></strong></span> 
     </span>
     <span class='ocr_line' id='line_1_5' title="bbox 93 787 1195 875; baseline 0 -22"><span class='ocrx_word' id='word_1_26' title='bbox 93 813 202 875; x_wconf 90' lang='grc' dir='ltr'><strong><em>κειτο,</em></strong></span> <span class='ocrx_word' id='word_1_27' title='bbox 230 789 446 868; x_wconf 76' lang='grc' dir='ltr'><strong><em>δπρδέξιυνται</em></strong></span> <span class='ocrx_word' id='word_1_28' title='bbox 477 800 543 867; x_wconf 78' lang='grc' dir='ltr'><strong><em>τοῖς</em></strong></span> <span class='ocrx_word' id='word_1_29' title='bbox 570 787 694 856; x_wconf 77' lang='grc' dir='ltr'><strong><em>ἓαυτοῖν</em></strong></span> <span class='ocrx_word' id='word_1_30' title='bbox 722 790 865 865; x_wconf 85' lang='grc' dir='ltr'><strong><em>άκατίυις</em></strong></span> <span class='ocrx_word' id='word_1_31' title='bbox 893 788 949 855; x_wconf 79' lang='grc' dir='ltr'><strong><em>καί</em></strong></span> <span class='ocrx_word' id='word_1_32' title='bbox 978 791 1120 874; x_wconf 84' lang='grc' dir='ltr'><strong><em>πελάγιοι</em></strong></span> <span class='ocrx_word' id='word_1_33' title='bbox 1140 812 1195 872; x_wconf 82' lang='grc' dir='ltr'><strong><em>γε·</em></strong></span> 
     </span>
     <span class='ocr_line' id='line_1_6' title="bbox 70 885 1195 981; baseline 0.002 -27"><span class='ocrx_word' id='word_1_34' title='bbox 70 893 223 974; x_wconf 79' lang='grc' dir='ltr'><strong><em>διόμενοι</em></strong></span> <span class='ocrx_word' id='word_1_35' title='bbox 252 892 298 978; x_wconf 78' lang='grc' dir='ltr'><strong><em>τῷ</em></strong></span> <span class='ocrx_word' id='word_1_36' title='bbox 334 896 429 981; x_wconf 74' lang='grc' dir='ltr'><strong><em>βυθῷ</em></strong></span> <span class='ocrx_word' id='word_1_37' title='bbox 459 892 700 977; x_wconf 74' lang='grc' dir='ltr'><strong><em>παραδώσουσι.</em></strong></span> <span class='ocrx_word' id='word_1_38' title='bbox 755 894 809 959; x_wconf 87' lang='grc' dir='ltr'><strong><em>καί</em></strong></span> <span class='ocrx_word' id='word_1_39' title='bbox 846 885 884 977; x_wconf 83' lang='grc' dir='ltr'><strong><em>ῆν</em></strong></span> <span class='ocrx_word' id='word_1_40' title='bbox 914 892 933 977; x_wconf 84' lang='grc' dir='ltr'><strong><em>ῆ</em></strong></span> <span class='ocrx_word' id='word_1_41' title='bbox 963 890 1071 975; x_wconf 74' lang='grc' dir='ltr'><strong><em>γνώμη</em></strong></span> <span class='ocrx_word' id='word_1_42' title='bbox 1107 890 1195 975; x_wconf 79' lang='grc' dir='ltr'><strong><em>δεινή</em></strong></span> 
     </span>
     <span class='ocr_line' id='line_1_7' title="bbox 91 982 1199 1077; baseline -0.002 -20"><span class='ocrx_word' id='word_1_43' title='bbox 91 1017 142 1068; x_wconf 89' lang='grc' dir='ltr'><strong><em>τις</em></strong></span> <span class='ocrx_word' id='word_1_44' title='bbox 172 994 228 1057; x_wconf 80' lang='grc' dir='ltr'><strong><em>καί</em></strong></span> <span class='ocrx_word' id='word_1_45' title='bbox 247 985 480 1077; x_wconf 79' lang='grc' dir='ltr'><strong><em>ἆφυκεος,’καί</em></strong></span> <span class='ocrx_word' id='word_1_46' title='bbox 505 990 708 1075; x_wconf 76' lang='grc' dir='ltr'><strong><em>πανταχόθεν</em></strong></span> <span class='ocrx_word' id='word_1_47' title='bbox 736 996 878 1077; x_wconf 82' lang='grc' dir='ltr'><strong><em>σοβοῦσα</em></strong></span> <span class='ocrx_word' id='word_1_48' title='bbox 908 991 942 1057; x_wconf 81' lang='grc' dir='ltr'><strong><em>τὸ</em></strong></span> <span class='ocrx_word' id='word_1_49' title='bbox 979 982 1114 1077; x_wconf 87' lang='grc' dir='ltr'><strong><em>θῆραμα</em></strong></span> <span class='ocrx_word' id='word_1_50' title='bbox 1144 987 1199 1055; x_wconf 83' lang='grc' dir='ltr'><strong><em>καί</em></strong></span> 
     </span>
     <span class='ocr_line' id='line_1_8' title="bbox 92 1089 1197 1180; baseline 0.001 -23"><span class='ocrx_word' id='word_1_51' title='bbox 92 1093 283 1168; x_wconf 72' lang='grc' dir='ltr'><strong><em>πλεκτάναις</em></strong></span> <span class='ocrx_word' id='word_1_52' title='bbox 313 1095 394 1159; x_wconf 89' lang='grc' dir='ltr'><strong><em>κατά</em></strong></span> <span class='ocrx_word' id='word_1_53' title='bbox 415 1118 450 1177; x_wconf 90' lang='grc' dir='ltr'><strong><em>γε</em></strong></span> <span class='ocrx_word' id='word_1_54' title='bbox 477 1093 534 1178; x_wconf 83' lang='grc' dir='ltr'><strong><em>τῆν</em></strong></span> <span class='ocrx_word' id='word_1_55' title='bbox 562 1089 765 1180; x_wconf 73' lang='grc' dir='ltr'><strong><em>ἀνθρωπίνην</em></strong></span> <span class='ocrx_word' id='word_1_56' title='bbox 793 1094 962 1160; x_wconf 85' lang='grc' dir='ltr'><strong><em>α’σθένειαν</em></strong></span> <span class='ocrx_word' id='word_1_57' title='bbox 987 1092 1099 1158; x_wconf 74' lang='grc' dir='ltr'><strong><em>τοῦτον</em></strong></span> <span class='ocrx_word' id='word_1_58' title='bbox 1121 1116 1197 1175; x_wconf 89' lang='grc' dir='ltr'><strong><em>συγ-</em></strong></span> 
     </span>
     <span class='ocr_line' id='line_1_9' title="bbox 93 1194 1197 1280; baseline -0.001 -22"><span class='ocrx_word' id='word_1_59' title='bbox 93 1197 334 1278; x_wconf 84' lang='grc' dir='ltr'><strong><em>κατασχεθῆναι</em></strong></span> <span class='ocrx_word' id='word_1_60' title='bbox 364 1199 419 1260; x_wconf 86' lang='grc' dir='ltr'><strong><em>καί</em></strong></span> <span class='ocrx_word' id='word_1_61' title='bbox 447 1199 631 1280; x_wconf 76' lang='grc' dir='ltr'><strong><em>θηραθῆναι</em></strong></span> <span class='ocrx_word' id='word_1_62' title='bbox 662 1194 858 1280; x_wconf 90' lang='grc' dir='ltr'><strong><em>συνάγουσα.</em></strong></span> <span class='ocrx_word' id='word_1_63' title='bbox 909 1197 967 1260; x_wconf 78' lang='grc' dir='ltr'><strong><em>τοῦ</em></strong></span> <span class='ocrx_word' id='word_1_64' title='bbox 997 1196 1045 1259; x_wconf 76' lang='grc' dir='ltr'><strong><em>δὲ’</em></strong></span> <span class='ocrx_word' id='word_1_65' title='bbox 1068 1196 1197 1258; x_wconf 64' lang='lat' dir='ltr'>trasna</span> 
     </span>
     <span class='ocr_line' id='line_1_10' title="bbox 16 1294 1198 1380; baseline -0.002 -20"><span class='ocrx_word' id='word_1_66' title='bbox 16 1308 19 1319; x_wconf 89' lang='lat'>&#39;</span> <span class='ocrx_word' id='word_1_67' title='bbox 94 1295 245 1375; x_wconf 84' lang='grc' dir='ltr'><strong><em>δάξοντος</em></strong></span> <span class='ocrx_word' id='word_1_68' title='bbox 275 1295 395 1376; x_wconf 82' lang='grc' dir='ltr'><strong><em>βουλάς</em></strong></span> <span class='ocrx_word' id='word_1_69' title='bbox 433 1300 535 1361; x_wconf 78' lang='grc' dir='ltr'><strong><em>έθνιόν</em></strong></span> <span class='ocrx_word' id='word_1_70' title='bbox 568 1295 624 1359; x_wconf 86' lang='grc' dir='ltr'><strong><em>καί</em></strong></span> <span class='ocrx_word' id='word_1_71' title='bbox 650 1295 820 1380; x_wconf 80' lang='grc' dir='ltr'><strong><em>λογισμυδς</em></strong></span> <span class='ocrx_word' id='word_1_72' title='bbox 858 1296 1046 1370; x_wconf 79' lang='grc' dir='ltr'><strong><em>άθετοῦντος</em></strong></span> <span class='ocrx_word' id='word_1_73' title='bbox 1076 1294 1198 1379; x_wconf 71' lang='grc' dir='ltr'><strong><em>α’ρχάν·</em></strong></span> 
     </span>
     <span class='ocr_line' id='line_1_11' title="bbox 57 1393 1198 1482; baseline -0.003 -20"><span class='ocrx_word' id='word_1_74' title='bbox 57 1397 158 1462; x_wconf 77' lang='grc' dir='ltr'><strong><em>1θτοον</em></strong></span> <span class='ocrx_word' id='word_1_75' title='bbox 191 1396 319 1480; x_wconf 76' lang='grc' dir='ltr'><strong><em>Κυρίου</em></strong></span> <span class='ocrx_word' id='word_1_76' title='bbox 344 1396 570 1480; x_wconf 82' lang='grc' dir='ltr'><strong><em>δαερίτρεατος</em></strong></span> <span class='ocrx_word' id='word_1_77' title='bbox 604 1403 745 1480; x_wconf 78' lang='grc' dir='ltr'><strong><em>μένουσα</em></strong></span> <span class='ocrx_word' id='word_1_78' title='bbox 773 1393 791 1482; x_wconf 83' lang='grc' dir='ltr'><strong><em>ῆ</em></strong></span> <span class='ocrx_word' id='word_1_79' title='bbox 820 1396 919 1480; x_wconf 78' lang='grc' dir='ltr'><strong><em>βουλῆ</em></strong></span> <span class='ocrx_word' id='word_1_80' title='bbox 951 1397 1009 1471; x_wconf 85' lang='grc' dir='ltr'><strong><em>τάς</em></strong></span> <span class='ocrx_word' id='word_1_81' title='bbox 1035 1399 1097 1461; x_wconf 82' lang='grc' dir='ltr'><strong><em>τάν</em></strong></span> <span class='ocrx_word' id='word_1_82' title='bbox 1126 1399 1198 1480; x_wconf 84' lang='grc' dir='ltr'><strong><em>γηί-</em></strong></span> 
     </span>
     <span class='ocr_line' id='line_1_12' title="bbox 94 1496 1194 1583; baseline -0.001 -21"><span class='ocrx_word' id='word_1_83' title='bbox 94 1520 157 1562; x_wconf 87' lang='grc' dir='ltr'><strong><em>νων</em></strong></span> <span class='ocrx_word' id='word_1_84' title='bbox 178 1499 571 1581; x_wconf 77' lang='grc' dir='ltr'><strong><em>σκαιονριάςπαρέσφαλε,</em></strong></span> <span class='ocrx_word' id='word_1_85' title='bbox 594 1501 649 1562; x_wconf 84' lang='grc' dir='ltr'><strong><em>καί</em></strong></span> <span class='ocrx_word' id='word_1_86' title='bbox 669 1502 744 1581; x_wconf 85' lang='grc' dir='ltr'><strong><em>παρ’</em></strong></span> <span class='ocrx_word' id='word_1_87' title='bbox 762 1499 875 1563; x_wconf 79' lang='grc' dir='ltr'><strong><em>ἐλπίδα</em></strong></span> <span class='ocrx_word' id='word_1_88' title='bbox 896 1496 952 1581; x_wconf 87' lang='grc' dir='ltr'><strong><em>τῆν</em></strong></span> <span class='ocrx_word' id='word_1_89' title='bbox 973 1497 1131 1582; x_wconf 83' lang='grc' dir='ltr'><strong><em>σωτηρίαν</em></strong></span> <span class='ocrx_word' id='word_1_90' title='bbox 1151 1496 1194 1583; x_wconf 73' lang='grc' dir='ltr'><strong><em>τῷ</em></strong></span> 
     </span>
     <span class='ocr_line' id='line_1_13' title="bbox 93 1593 1197 1685; baseline -0.003 -24"><span class='ocrx_word' id='word_1_91' title='bbox 93 1596 323 1685; x_wconf 83' lang='grc' dir='ltr'><strong><em>άπεγνιοσμίνιρ</em></strong></span> <span class='ocrx_word' id='word_1_92' title='bbox 338 1602 559 1679; x_wconf 79' lang='grc' dir='ltr'><strong><em>πανταρχικῶς</em></strong></span> <span class='ocrx_word' id='word_1_93' title='bbox 574 1600 758 1683; x_wconf 81' lang='grc' dir='ltr'><strong><em>δχαρίσατο.</em></strong></span> <span class='ocrx_word' id='word_1_94' title='bbox 782 1593 823 1673; x_wconf 75' lang='grc' dir='ltr'><strong><em>οὖς</em></strong></span> <span class='ocrx_word' id='word_1_95' title='bbox 843 1598 905 1683; x_wconf 86' lang='grc' dir='ltr'><strong><em>γὰρ</em></strong></span> <span class='ocrx_word' id='word_1_96' title='bbox 926 1596 1071 1681; x_wconf 86' lang='grc' dir='ltr'><strong><em>ῆστάσις</em></strong></span> <span class='ocrx_word' id='word_1_97' title='bbox 1093 1596 1197 1680; x_wconf 83' lang='grc' dir='ltr'><strong><em>οἷνῆψε</em></strong></span> 
     </span>
     <span class='ocr_line' id='line_1_14' title="bbox 95 1694 1198 1785; baseline -0.002 -23"><span class='ocrx_word' id='word_1_98' title='bbox 95 1701 150 1762; x_wconf 85' lang='grc' dir='ltr'><strong><em>καί</em></strong></span> <span class='ocrx_word' id='word_1_99' title='bbox 184 1694 325 1781; x_wconf 76' lang='grc' dir='ltr'><strong><em>θόρυβος</em></strong></span> <span class='ocrx_word' id='word_1_100' title='bbox 358 1698 569 1785; x_wconf 86' lang='grc' dir='ltr'><strong><em>άνερριπίσθη</em></strong></span> <span class='ocrx_word' id='word_1_101' title='bbox 588 1700 708 1783; x_wconf 77' lang='grc' dir='ltr'><strong><em>πολύς,</em></strong></span> <span class='ocrx_word' id='word_1_102' title='bbox 732 1702 769 1765; x_wconf 85' lang='grc' dir='ltr'><strong><em>αί</em></strong></span> <span class='ocrx_word' id='word_1_103' title='bbox 788 1722 821 1765; x_wconf 84' lang='grc' dir='ltr'><strong><em>το</em></strong></span> <span class='ocrx_word' id='word_1_104' title='bbox 845 1704 987 1784; x_wconf 77' lang='grc' dir='ltr'><strong><em>α’γγελιαι</em></strong></span> <span class='ocrx_word' id='word_1_105' title='bbox 1010 1694 1198 1783; x_wconf 75' lang='grc' dir='ltr'><strong><em>φθάνουσαι</em></strong></span> 
     </span>
     <span class='ocr_line' id='line_1_15' title="bbox 94 1792 1300 1889; baseline -0.002 -25"><span class='ocrx_word' id='word_1_106' title='bbox 94 1792 188 1888; x_wconf 58' lang='grc' dir='ltr'><strong><em>ἑτέρα</em></strong></span> <span class='ocrx_word' id='word_1_107' title='bbox 213 1798 269 1881; x_wconf 84' lang='grc' dir='ltr'><strong><em>τῆν</em></strong></span> <span class='ocrx_word' id='word_1_108' title='bbox 290 1794 399 1882; x_wconf 75' lang='grc' dir='ltr'><strong><em>ἑτέραν</em></strong></span> <span class='ocrx_word' id='word_1_109' title='bbox 417 1802 462 1888; x_wconf 73' lang='grc' dir='ltr'><strong><em>τῷ</em></strong></span> <span class='ocrx_word' id='word_1_110' title='bbox 481 1804 613 1882; x_wconf 76' lang='grc' dir='ltr'><strong><em>βασιλεῖ</em></strong></span> <span class='ocrx_word' id='word_1_111' title='bbox 621 1805 861 1889; x_wconf 83' lang='grc' dir='ltr'><strong><em>προσεφοίτησε,</em></strong></span> <span class='ocrx_word' id='word_1_112' title='bbox 884 1800 970 1867; x_wconf 75' lang='lat' dir='ltr'>sold</span> <span class='ocrx_word' id='word_1_113' title='bbox 993 1800 1092 1885; x_wconf 85' lang='grc' dir='ltr'><strong><em>δῆμος</em></strong></span> <span class='ocrx_word' id='word_1_114' title='bbox 1114 1792 1198 1875; x_wconf 82' lang='grc' dir='ltr'><strong><em>άπας</em></strong></span> <span class='ocrx_word' id='word_1_115' title='bbox 1292 1860 1300 1869; x_wconf 79' lang='grc'><strong><em>,</em></strong></span> 
     </span>
     <span class='ocr_line' id='line_1_16' title="bbox 58 1898 1194 1987; baseline 0.002 -26"><span class='ocrx_word' id='word_1_116' title='bbox 58 1910 87 1963; x_wconf 82' lang='grc'><strong><em>15</em></strong></span> <span class='ocrx_word' id='word_1_117' title='bbox 95 1902 312 1985; x_wconf 80' lang='grc' dir='ltr'><strong><em>συνεκροτεῖτο</em></strong></span> <span class='ocrx_word' id='word_1_118' title='bbox 329 1900 383 1966; x_wconf 85' lang='grc' dir='ltr'><strong><em>καί</em></strong></span> <span class='ocrx_word' id='word_1_119' title='bbox 401 1904 637 1987; x_wconf 82' lang='grc' dir='ltr'><strong><em>συνηθροίζετο,</em></strong></span> <span class='ocrx_word' id='word_1_120' title='bbox 659 1903 713 1967; x_wconf 86' lang='grc' dir='ltr'><strong><em>καί</em></strong></span> <span class='ocrx_word' id='word_1_121' title='bbox 726 1906 871 1987; x_wconf 87' lang='grc' dir='ltr'><strong><em>ταραχῆς</em></strong></span> <span class='ocrx_word' id='word_1_122' title='bbox 893 1903 1038 1987; x_wconf 78' lang='grc' dir='ltr'><strong><em>δπῆρχον</em></strong></span> <span class='ocrx_word' id='word_1_123' title='bbox 1051 1899 1091 1964; x_wconf 86' lang='grc' dir='ltr'><strong><em>τά</em></strong></span> <span class='ocrx_word' id='word_1_124' title='bbox 1114 1898 1194 1964; x_wconf 84' lang='grc' dir='ltr'><strong><em>κατά</em></strong></span> 
     </span>
     <span class='ocr_line' id='line_1_17' title="bbox 95 1991 1197 2087; baseline -0.004 -21"><span class='ocrx_word' id='word_1_125' title='bbox 95 2001 154 2084; x_wconf 87' lang='grc' dir='ltr'><strong><em>τῆν</em></strong></span> <span class='ocrx_word' id='word_1_126' title='bbox 177 1998 269 2065; x_wconf 86' lang='grc' dir='ltr'><strong><em>πόλιν</em></strong></span> <span class='ocrx_word' id='word_1_127' title='bbox 290 1996 454 2083; x_wconf 86' lang='grc' dir='ltr'><strong><em>άνάμεστα</em></strong></span> <span class='ocrx_word' id='word_1_128' title='bbox 477 2007 532 2067; x_wconf 84' lang='grc' dir='ltr'><strong><em>καί</em></strong></span> <span class='ocrx_word' id='word_1_129' title='bbox 551 2001 737 2087; x_wconf 80' lang='grc' dir='ltr'><strong><em>συγχάσεονς</em></strong></span> <span class='ocrx_word' id='word_1_130' title='bbox 767 2002 1046 2083; x_wconf 60' lang='grc' dir='ltr'><strong><em>συσκευασάμενος</em></strong></span> <span class='ocrx_word' id='word_1_131' title='bbox 1068 1991 1157 2076; x_wconf 73' lang='grc' dir='ltr'><strong><em>οὗτος</em></strong></span> <span class='ocrx_word' id='word_1_132' title='bbox 1180 1994 1197 2062; x_wconf 85' lang='lat' dir='ltr'>d</span> 
     </span>
     <span class='ocr_line' id='line_1_18' title="bbox 95 2097 1198 2193; baseline -0.002 -25"><span class='ocrx_word' id='word_1_133' title='bbox 95 2102 247 2184; x_wconf 70' lang='grc' dir='ltr'><strong><em>βασιλεύς</em></strong></span> <span class='ocrx_word' id='word_1_134' title='bbox 282 2097 349 2184; x_wconf 85' lang='grc' dir='ltr'><strong><em>άμα</em></strong></span> <span class='ocrx_word' id='word_1_135' title='bbox 378 2106 418 2189; x_wconf 79' lang='grc' dir='ltr'><strong><em>τῇ</em></strong></span> <span class='ocrx_word' id='word_1_136' title='bbox 448 2104 619 2193; x_wconf 77' lang='grc' dir='ltr'><strong><em>Αὐγούστη</em></strong></span> <span class='ocrx_word' id='word_1_137' title='bbox 648 2107 703 2168; x_wconf 85' lang='grc' dir='ltr'><strong><em>καί</em></strong></span> <span class='ocrx_word' id='word_1_138' title='bbox 722 2112 787 2179; x_wconf 79' lang='grc' dir='ltr'><strong><em>τοῖς</em></strong></span> <span class='ocrx_word' id='word_1_139' title='bbox 815 2106 848 2181; x_wconf 76' lang='grc' dir='ltr'><strong><em>ἐξ</em></strong></span> <span class='ocrx_word' id='word_1_140' title='bbox 878 2102 982 2169; x_wconf 73' lang='lat' dir='ltr'>adreio</span> <span class='ocrx_word' id='word_1_141' title='bbox 1003 2107 1198 2187; x_wconf 75' lang='grc' dir='ltr'><strong><em>γεννηθεῖσιν</em></strong></span> 
     </span>
     <span class='ocr_line' id='line_1_19' title="bbox 97 2193 1200 2289; baseline -0.001 -23"><span class='ocrx_word' id='word_1_142' title='bbox 97 2205 142 2277; x_wconf 83' lang='grc' dir='ltr'><strong><em>είς</em></strong></span> <span class='ocrx_word' id='word_1_143' title='bbox 165 2198 222 2286; x_wconf 85' lang='grc' dir='ltr'><strong><em>τῆν</em></strong></span> <span class='ocrx_word' id='word_1_144' title='bbox 241 2206 364 2286; x_wconf 78' lang='grc' dir='ltr'><strong><em>γείτονα</em></strong></span> <span class='ocrx_word' id='word_1_145' title='bbox 384 2208 541 2289; x_wconf 89' lang='grc' dir='ltr'><strong><em>κατῆλθον</em></strong></span> <span class='ocrx_word' id='word_1_146' title='bbox 572 2202 684 2288; x_wconf 88' lang='grc' dir='ltr'><strong><em>α’κτῆν,</em></strong></span> <span class='ocrx_word' id='word_1_147' title='bbox 714 2193 834 2288; x_wconf 72' lang='grc' dir='ltr'><strong><em>καῖ’μῆ</em></strong></span> <span class='ocrx_word' id='word_1_148' title='bbox 858 2200 1003 2286; x_wconf 77' lang='grc' dir='ltr'><strong><em>εδράντες</em></strong></span> <span class='ocrx_word' id='word_1_149' title='bbox 1023 2204 1085 2268; x_wconf 80' lang='grc' dir='ltr'><strong><em>τάν</em></strong></span> <span class='ocrx_word' id='word_1_150' title='bbox 1104 2206 1200 2285; x_wconf 78' lang='grc' dir='ltr'><strong><em>βασι-</em></strong></span> 
     </span>
     <span class='ocr_line' id='line_1_20' title="bbox 97 2298 1250 2391; baseline -0.002 -24"><span class='ocrx_word' id='word_1_151' title='bbox 97 2306 194 2367; x_wconf 75' lang='grc' dir='ltr'><strong><em>λικῶν</em></strong></span> <span class='ocrx_word' id='word_1_152' title='bbox 214 2306 333 2368; x_wconf 86' lang='grc' dir='ltr'><strong><em>πλοίων</em></strong></span> <span class='ocrx_word' id='word_1_153' title='bbox 353 2305 425 2369; x_wconf 87' lang='grc' dir='ltr'><strong><em>τινά</em></strong></span> <span class='ocrx_word' id='word_1_154' title='bbox 447 2308 495 2381; x_wconf 80' lang='grc' dir='ltr'><strong><em>εἶς-</em></strong></span> <span class='ocrx_word' id='word_1_155' title='bbox 512 2303 549 2370; x_wconf 79' lang='grc' dir='ltr'><strong><em>τὸ</em></strong></span> <span class='ocrx_word' id='word_1_156' title='bbox 579 2309 801 2391; x_wconf 76' lang='grc' dir='ltr'><strong><em>προσορμάταν</em></strong></span> <span class='ocrx_word' id='word_1_157' title='bbox 821 2307 890 2370; x_wconf 84' lang='grc' dir='ltr'><strong><em>νέον</em></strong></span> <span class='ocrx_word' id='word_1_158' title='bbox 919 2301 1056 2380; x_wconf 70' lang='grc' dir='ltr'><strong><em>ἴκτινος</em></strong></span> <span class='ocrx_word' id='word_1_159' title='bbox 1078 2298 1200 2387; x_wconf 85' lang='grc' dir='ltr'><strong><em>άπροδ-</em></strong></span> <span class='ocrx_word' id='word_1_160' title='bbox 1247 2302 1250 2305; x_wconf 70' lang='grc'><strong>’</strong></span> 
     </span>
     <span class='ocr_line' id='line_1_21' title="bbox 58 2402 1199 2492; baseline -0.002 -22"><span class='ocrx_word' id='word_1_161' title='bbox 58 2421 177 2476; x_wconf 68' lang='lat' dir='ltr'>bonaco</span> <span class='ocrx_word' id='word_1_162' title='bbox 199 2402 255 2470; x_wconf 85' lang='grc' dir='ltr'><strong><em>καί</em></strong></span> <span class='ocrx_word' id='word_1_163' title='bbox 277 2406 381 2485; x_wconf 81' lang='grc' dir='ltr'><strong><em>δεξιάς</em></strong></span> <span class='ocrx_word' id='word_1_164' title='bbox 400 2406 510 2492; x_wconf 77' lang='grc' dir='ltr'><strong><em>τύχης,</em></strong></span> <span class='ocrx_word' id='word_1_165' title='bbox 531 2409 652 2491; x_wconf 85' lang='grc' dir='ltr'><strong><em>μάλλον</em></strong></span> <span class='ocrx_word' id='word_1_166' title='bbox 674 2409 710 2472; x_wconf 79' lang='grc' dir='ltr'><strong><em>δὲ</em></strong></span> <span class='ocrx_word' id='word_1_167' title='bbox 724 2407 876 2490; x_wconf 89' lang='grc' dir='ltr'><strong><em>προνοίας</em></strong></span> <span class='ocrx_word' id='word_1_168' title='bbox 897 2405 1036 2492; x_wconf 84' lang='grc' dir='ltr'><strong><em>άρρῆτου</em></strong></span> <span class='ocrx_word' id='word_1_169' title='bbox 1055 2404 1199 2489; x_wconf 82' lang='grc' dir='ltr'><strong><em>θελῆμα-</em></strong></span> 
     </span>
     <span class='ocr_line' id='line_1_22' title="bbox 97 2504 1196 2594; baseline 0 -22"><span class='ocrx_word' id='word_1_170' title='bbox 97 2531 161 2586; x_wconf 84' lang='grc' dir='ltr'><strong><em>τος,</em></strong></span> <span class='ocrx_word' id='word_1_171' title='bbox 182 2506 367 2592; x_wconf 80' lang='grc' dir='ltr'><strong><em>οἷρχοντικὸν</em></strong></span> <span class='ocrx_word' id='word_1_172' title='bbox 386 2508 564 2594; x_wconf 88' lang='grc' dir='ltr'><strong><em>πλοιάριον,</em></strong></span> <span class='ocrx_word' id='word_1_173' title='bbox 583 2510 625 2585; x_wconf 70' lang='grc' dir='ltr'><strong><em>οἷς</em></strong></span> <span class='ocrx_word' id='word_1_174' title='bbox 646 2504 733 2593; x_wconf 83' lang='grc' dir='ltr'><strong><em>εἶχον</em></strong></span> <span class='ocrx_word' id='word_1_175' title='bbox 757 2509 908 2593; x_wconf 79' lang='grc' dir='ltr'><strong><em>σπουδῆς,</em></strong></span> <span class='ocrx_word' id='word_1_176' title='bbox 928 2507 1098 2592; x_wconf 76' lang='grc' dir='ltr'><strong><em>άνὲβησαν.</em></strong></span> <span class='ocrx_word' id='word_1_177' title='bbox 1141 2505 1196 2572; x_wconf 85' lang='grc' dir='ltr'><strong><em>καί</em></strong></span> 
     </span>
     <span class='ocr_line' id='line_1_23' title="bbox 96 2605 1200 2694; baseline -0.003 -20"><span class='ocrx_word' id='word_1_178' title='bbox 96 2611 157 2675; x_wconf 76' lang='grc' dir='ltr'><strong><em>σοῖν</em></strong></span> <span class='ocrx_word' id='word_1_179' title='bbox 180 2611 352 2691; x_wconf 81' lang='grc' dir='ltr'><strong><em>βασιλείων</em></strong></span> <span class='ocrx_word' id='word_1_180' title='bbox 386 2608 469 2675; x_wconf 80' lang='grc' dir='ltr'><strong><em>ου’θδ</em></strong></span> <span class='ocrx_word' id='word_1_181' title='bbox 504 2617 561 2694; x_wconf 85' lang='grc' dir='ltr'><strong><em>τῆς</em></strong></span> <span class='ocrx_word' id='word_1_182' title='bbox 594 2613 732 2694; x_wconf 79' lang='grc' dir='ltr'><strong><em>εἰρεσίας</em></strong></span> <span class='ocrx_word' id='word_1_183' title='bbox 761 2608 900 2694; x_wconf 81' lang='grc' dir='ltr'><strong><em>άγοάσης</em></strong></span> <span class='ocrx_word' id='word_1_184' title='bbox 932 2612 1137 2691; x_wconf 78' lang='grc' dir='ltr'><strong><em>έπικατέλαβε</em></strong></span> <span class='ocrx_word' id='word_1_185' title='bbox 1150 2605 1200 2673; x_wconf 64' lang='lat' dir='ltr'><strong><em>md</em></strong></span> 
     </span>
     <span class='ocr_line' id='line_1_24' title="bbox 97 2709 1201 2798; baseline -0.003 -21"><span class='ocrx_word' id='word_1_186' title='bbox 97 2714 152 2795; x_wconf 88' lang='grc' dir='ltr'><strong><em>τῆς</em></strong></span> <span class='ocrx_word' id='word_1_187' title='bbox 177 2709 310 2785; x_wconf 76' lang='grc' dir='ltr'><strong><em>α’νοοίοις</em></strong></span> <span class='ocrx_word' id='word_1_188' title='bbox 328 2715 446 2798; x_wconf 78' lang='grc' dir='ltr'><strong><em>βουλῆς</em></strong></span> <span class='ocrx_word' id='word_1_189' title='bbox 466 2711 658 2798; x_wconf 78' lang='grc' dir='ltr'><strong><em>μετεσχηκὸς</em></strong></span> <span class='ocrx_word' id='word_1_190' title='bbox 682 2713 824 2790; x_wconf 79' lang='grc' dir='ltr'><strong><em>α’κάτιον,</em></strong></span> <span class='ocrx_word' id='word_1_191' title='bbox 847 2710 901 2778; x_wconf 78' lang='grc' dir='ltr'><strong><em>τὸν</em></strong></span> <span class='ocrx_word' id='word_1_192' title='bbox 923 2714 1059 2795; x_wconf 78' lang='grc' dir='ltr'><strong><em>βασιλέα</em></strong></span> <span class='ocrx_word' id='word_1_193' title='bbox 1079 2733 1201 2794; x_wconf 84' lang='grc' dir='ltr'><strong><em>προκα-</em></strong></span> 
     </span>
     <span class='ocr_line' id='line_1_25' title="bbox 98 2808 1202 2902; baseline 0 -26"><span class='ocrx_word' id='word_1_194' title='bbox 98 2808 250 2894; x_wconf 81' lang='grc' dir='ltr'><strong><em>λοδμενον</em></strong></span> <span class='ocrx_word' id='word_1_195' title='bbox 271 2817 430 2880; x_wconf 81' lang='grc' dir='ltr'><strong><em>εἰσελθεῖν</em></strong></span> <span class='ocrx_word' id='word_1_196' title='bbox 460 2817 495 2879; x_wconf 82' lang='grc' dir='ltr'><strong><em>ἐν</em></strong></span> <span class='ocrx_word' id='word_1_197' title='bbox 525 2812 611 2901; x_wconf 76' lang='grc' dir='ltr'><strong><em>αὐτῷ</em></strong></span> <span class='ocrx_word' id='word_1_198' title='bbox 631 2813 675 2890; x_wconf 75' lang='grc' dir='ltr'><strong><em>ὥς</em></strong></span> <span class='ocrx_word' id='word_1_199' title='bbox 708 2813 955 2902; x_wconf 83' lang='grc' dir='ltr'><strong><em>σπουδαιότερον</em></strong></span> <span class='ocrx_word' id='word_1_200' title='bbox 977 2811 1073 2898; x_wconf 86' lang='grc' dir='ltr'><strong><em>δῆθεν</em></strong></span> <span class='ocrx_word' id='word_1_201' title='bbox 1094 2813 1202 2897; x_wconf 85' lang='grc' dir='ltr'><strong><em>α’χθη-</em></strong></span> 
     </span>
    </p>
   </div>
   <div class='ocr_carea' id='block_1_3' title="bbox 167 2997 774 3074">
    <p class='ocr_par' dir='ltr' id='par_1_3' title="bbox 167 2997 774 3074">
     <span class='ocr_line' id='line_1_26' title="bbox 167 2997 774 3074; baseline 0.005 -23"><span class='ocrx_word' id='word_1_202' title='bbox 167 2999 210 3052; x_wconf 86' lang='grc'><strong><em>16.</em></strong></span> <span class='ocrx_word' id='word_1_203' title='bbox 231 2997 341 3060; x_wconf 71' lang='lat' dir='ltr'>advoc?</span> <span class='ocrx_word' id='word_1_204' title='bbox 449 3004 493 3056; x_wconf 76' lang='lat'><strong><em>22.</em></strong></span> <span class='ocrx_word' id='word_1_205' title='bbox 517 3005 719 3074; x_wconf 74' lang='grc' dir='ltr'><strong><em>ἐπικατέλαβον</em></strong></span> <span class='ocrx_word' id='word_1_206' title='bbox 745 3003 774 3058; x_wconf 81' lang='lat' dir='ltr'><strong><em>(l.</em></strong></span> 
     </span>
    </p>
   </div>
   <div class='ocr_carea' id='block_1_4' title="bbox 17 3165 1270 4310">
    <p class='ocr_par' dir='ltr' id='par_1_4' title="bbox 17 3165 1270 4310">
     <span class='ocr_line' id='line_1_27' title="bbox 98 3165 1259 3233; baseline -0.002 -14"><span class='ocrx_word' id='word_1_207' title='bbox 98 3167 218 3230; x_wconf 87' lang='lat' dir='ltr'>insidias,</span> <span class='ocrx_word' id='word_1_208' title='bbox 239 3166 265 3218; x_wconf 95' lang='lat' dir='ltr'><strong><em>id</em></strong></span> <span class='ocrx_word' id='word_1_209' title='bbox 288 3165 358 3233; x_wconf 88' lang='lat' dir='ltr'>quod</span> <span class='ocrx_word' id='word_1_210' title='bbox 378 3169 485 3218; x_wconf 91' lang='lat' dir='ltr'>omnino</span> <span class='ocrx_word' id='word_1_211' title='bbox 504 3169 657 3220; x_wconf 89' lang='lat' dir='ltr'>necessario</span> <span class='ocrx_word' id='word_1_212' title='bbox 683 3168 754 3218; x_wconf 92' lang='lat' dir='ltr'>hunc</span> <span class='ocrx_word' id='word_1_213' title='bbox 780 3169 909 3219; x_wconf 84' lang='lat' dir='ltr'>facturum</span> <span class='ocrx_word' id='word_1_214' title='bbox 937 3166 1099 3233; x_wconf 86' lang='lat' dir='ltr'>apparebat,</span> <span class='ocrx_word' id='word_1_215' title='bbox 1125 3167 1201 3220; x_wconf 85' lang='lat' dir='ltr'>cxci.</span> <span class='ocrx_word' id='word_1_216' title='bbox 1252 3207 1259 3217; x_wconf 81' lang='grc'><strong>.</strong></span> 
     </span>
     <span class='ocr_line' id='line_1_28' title="bbox 98 3237 1202 3308; baseline 0.001 -17"><span class='ocrx_word' id='word_1_217' title='bbox 98 3247 194 3308; x_wconf 79' lang='lat' dir='ltr'>pererit</span> <span class='ocrx_word' id='word_1_218' title='bbox 214 3238 270 3288; x_wconf 92' lang='lat' dir='ltr'>suis</span> <span class='ocrx_word' id='word_1_219' title='bbox 289 3237 412 3290; x_wconf 78' lang='lat' dir='ltr'>lintribus</span> <span class='ocrx_word' id='word_1_220' title='bbox 433 3242 500 3290; x_wconf 88' lang='lat' dir='ltr'>etsi</span> <span class='ocrx_word' id='word_1_221' title='bbox 520 3242 546 3290; x_wconf 93' lang='lat' dir='ltr'><strong><em>in</em></strong></span> <span class='ocrx_word' id='word_1_222' title='bbox 567 3240 622 3290; x_wconf 89' lang='lat' dir='ltr'>alto</span> <span class='ocrx_word' id='word_1_223' title='bbox 642 3248 733 3291; x_wconf 79' lang='lat' dir='ltr'><strong>essent</strong></span> <span class='ocrx_word' id='word_1_224' title='bbox 749 3241 850 3308; x_wconf 79' lang='lat' dir='ltr'>gurgiti</span> <span class='ocrx_word' id='word_1_225' title='bbox 870 3238 1013 3290; x_wconf 87' lang='lat' dir='ltr'>traderent.</span> <span class='ocrx_word' id='word_1_226' title='bbox 1052 3247 1131 3306; x_wconf 83' lang='lat' dir='ltr'>atque</span> <span class='ocrx_word' id='word_1_227' title='bbox 1145 3249 1202 3292; x_wconf 88' lang='lat' dir='ltr'>crat</span> 
     </span>
     <span class='ocr_line' id='line_1_29' title="bbox 98 3310 1200 3379; baseline -0.001 -16"><span class='ocrx_word' id='word_1_228' title='bbox 98 3310 233 3363; x_wconf 84' lang='lat' dir='ltr'>sententia</span> <span class='ocrx_word' id='word_1_229' title='bbox 252 3310 309 3360; x_wconf 91' lang='lat' dir='ltr'>dira</span> <span class='ocrx_word' id='word_1_230' title='bbox 335 3318 361 3360; x_wconf 92' lang='lat' dir='ltr'><strong><em>et</em></strong></span> <span class='ocrx_word' id='word_1_231' title='bbox 379 3311 544 3362; x_wconf 86' lang='lat' dir='ltr'>inevitabilis</span> <span class='ocrx_word' id='word_1_232' title='bbox 565 3319 591 3361; x_wconf 91' lang='lat' dir='ltr'><strong><em>et</em></strong></span> <span class='ocrx_word' id='word_1_233' title='bbox 611 3312 728 3379; x_wconf 91' lang='lat' dir='ltr'>undique</span> <span class='ocrx_word' id='word_1_234' title='bbox 747 3319 851 3362; x_wconf 88' lang='lat' dir='ltr'>terrens</span> <span class='ocrx_word' id='word_1_235' title='bbox 871 3311 972 3373; x_wconf 88' lang='lat' dir='ltr'>leram,</span> <span class='ocrx_word' id='word_1_236' title='bbox 1001 3319 1028 3361; x_wconf 93' lang='lat' dir='ltr'><strong><em>et</em></strong></span> <span class='ocrx_word' id='word_1_237' title='bbox 1046 3310 1131 3378; x_wconf 80' lang='lat' dir='ltr'>plagis</span> <span class='ocrx_word' id='word_1_238' title='bbox 1151 3327 1200 3378; x_wconf 89' lang='lat' dir='ltr'><strong><em>pro</em></strong></span> 
     </span>
     <span class='ocr_line' id='line_1_30' title="bbox 98 3381 1201 3449; baseline -0.004 -15"><span class='ocrx_word' id='word_1_239' title='bbox 98 3383 234 3434; x_wconf 89' lang='lat' dir='ltr'>bominum</span> <span class='ocrx_word' id='word_1_240' title='bbox 255 3381 407 3433; x_wconf 88' lang='lat' dir='ltr'>infirmitate</span> <span class='ocrx_word' id='word_1_241' title='bbox 426 3382 497 3433; x_wconf 92' lang='lat' dir='ltr'>hunc</span> <span class='ocrx_word' id='word_1_242' title='bbox 515 3392 545 3434; x_wconf 92' lang='lat' dir='ltr'>ut</span> <span class='ocrx_word' id='word_1_243' title='bbox 563 3385 746 3434; x_wconf 79' lang='lat' dir='ltr'>contineretur</span> <span class='ocrx_word' id='word_1_244' title='bbox 767 3391 794 3433; x_wconf 91' lang='lat' dir='ltr'><strong><em>et</em></strong></span> <span class='ocrx_word' id='word_1_245' title='bbox 817 3389 954 3449; x_wconf 89' lang='lat' dir='ltr'>peteretur</span> <span class='ocrx_word' id='word_1_246' title='bbox 973 3381 1114 3433; x_wconf 86' lang='lat' dir='ltr'>adducens.</span> <span class='ocrx_word' id='word_1_247' title='bbox 1151 3383 1201 3434; x_wconf 91' lang='lat' dir='ltr'>de..</span> 
     </span>
     <span class='ocr_line' id='line_1_31' title="bbox 17 3453 1268 3521; baseline -0.005 -15"><span class='ocrx_word' id='word_1_248' title='bbox 17 3506 20 3514; x_wconf 80' lang='grc'><strong>,</strong></span> <span class='ocrx_word' id='word_1_249' title='bbox 98 3453 228 3506; x_wconf 85' lang='lat' dir='ltr'>struentis</span> <span class='ocrx_word' id='word_1_250' title='bbox 254 3458 342 3503; x_wconf 86' lang='lat' dir='ltr'>autem</span> <span class='ocrx_word' id='word_1_251' title='bbox 362 3456 508 3508; x_wconf 75' lang='lat' dir='ltr'>sententias</span> <span class='ocrx_word' id='word_1_252' title='bbox 527 3457 647 3521; x_wconf 85' lang='lat' dir='ltr'>gentium</span> <span class='ocrx_word' id='word_1_253' title='bbox 667 3464 694 3506; x_wconf 94' lang='lat' dir='ltr'><strong><em>et</em></strong></span> <span class='ocrx_word' id='word_1_254' title='bbox 711 3456 830 3505; x_wconf 87' lang='lat' dir='ltr'>mtiones</span> <span class='ocrx_word' id='word_1_255' title='bbox 849 3453 970 3505; x_wconf 89' lang='lat' dir='ltr'>tollentis</span> <span class='ocrx_word' id='word_1_256' title='bbox 982 3454 1131 3519; x_wconf 88' lang='lat' dir='ltr'>principum</span> <span class='ocrx_word' id='word_1_257' title='bbox 1150 3454 1202 3504; x_wconf 92' lang='lat' dir='ltr'><strong><em>do.</em></strong></span> <span class='ocrx_word' id='word_1_258' title='bbox 1261 3486 1268 3500; x_wconf 36' lang='lat' dir='ltr'>a</span> 
     </span>
     <span class='ocr_line' id='line_1_32' title="bbox 98 3524 1203 3593; baseline 0 -17"><span class='ocrx_word' id='word_1_259' title='bbox 98 3527 162 3576; x_wconf 87' lang='lat' dir='ltr'>mini</span> <span class='ocrx_word' id='word_1_260' title='bbox 187 3525 262 3576; x_wconf 87' lang='lat' dir='ltr'>llrma</span> <span class='ocrx_word' id='word_1_261' title='bbox 286 3525 420 3582; x_wconf 86' lang='lat' dir='ltr'>sententia</span> <span class='ocrx_word' id='word_1_262' title='bbox 449 3526 600 3578; x_wconf 74' lang='lat' dir='ltr'>mortalium</span> <span class='ocrx_word' id='word_1_263' title='bbox 626 3527 707 3593; x_wconf 91' lang='lat' dir='ltr'>impia</span> <span class='ocrx_word' id='word_1_264' title='bbox 732 3525 846 3577; x_wconf 89' lang='lat' dir='ltr'>consilia</span> <span class='ocrx_word' id='word_1_265' title='bbox 876 3524 1026 3576; x_wconf 76' lang='lat' dir='ltr'>aberrantia</span> <span class='ocrx_word' id='word_1_266' title='bbox 1043 3525 1157 3577; x_wconf 83' lang='lat' dir='ltr'>reddidit</span> <span class='ocrx_word' id='word_1_267' title='bbox 1176 3533 1203 3578; x_wconf 92' lang='lat' dir='ltr'>ct</span> 
     </span>
     <span class='ocr_line' id='line_1_33' title="bbox 98 3597 1201 3666; baseline -0.004 -18"><span class='ocrx_word' id='word_1_268' title='bbox 98 3606 206 3666; x_wconf 87' lang='lat' dir='ltr'>praeter</span> <span class='ocrx_word' id='word_1_269' title='bbox 224 3611 298 3662; x_wconf 90' lang='lat' dir='ltr'>spem</span> <span class='ocrx_word' id='word_1_270' title='bbox 317 3597 430 3647; x_wconf 87' lang='lat' dir='ltr'>salutem</span> <span class='ocrx_word' id='word_1_271' title='bbox 448 3597 589 3664; x_wconf 86' lang='lat' dir='ltr'>desperato</span> <span class='ocrx_word' id='word_1_272' title='bbox 609 3599 807 3665; x_wconf 86' lang='lat' dir='ltr'>omnipotenter</span> <span class='ocrx_word' id='word_1_273' title='bbox 825 3597 945 3649; x_wconf 87' lang='lat' dir='ltr'>donavit.</span> <span class='ocrx_word' id='word_1_274' title='bbox 985 3612 1043 3648; x_wconf 89' lang='lat' dir='ltr'><strong><em>cum</em></strong></span> <span class='ocrx_word' id='word_1_275' title='bbox 1066 3598 1135 3648; x_wconf 90' lang='lat' dir='ltr'>enim</span> <span class='ocrx_word' id='word_1_276' title='bbox 1155 3613 1201 3650; x_wconf 91' lang='lat' dir='ltr'>se.</span> 
     </span>
     <span class='ocr_line' id='line_1_34' title="bbox 98 3667 1238 3738; baseline -0.001 -17"><span class='ocrx_word' id='word_1_277' title='bbox 98 3670 162 3721; x_wconf 91' lang='lat' dir='ltr'>ditio</span> <span class='ocrx_word' id='word_1_278' title='bbox 192 3667 319 3735; x_wconf 82' lang='lat' dir='ltr'>llagraret</span> <span class='ocrx_word' id='word_1_279' title='bbox 346 3677 372 3720; x_wconf 92' lang='lat' dir='ltr'><strong><em>et</em></strong></span> <span class='ocrx_word' id='word_1_280' title='bbox 399 3669 528 3719; x_wconf 89' lang='lat' dir='ltr'>tumultus</span> <span class='ocrx_word' id='word_1_281' title='bbox 550 3685 660 3738; x_wconf 86' lang='lat' dir='ltr'>maguus</span> <span class='ocrx_word' id='word_1_282' title='bbox 681 3671 859 3732; x_wconf 84' lang='lat' dir='ltr'>excitaretur,</span> <span class='ocrx_word' id='word_1_283' title='bbox 887 3677 913 3719; x_wconf 94' lang='lat' dir='ltr'><strong><em>et</em></strong></span> <span class='ocrx_word' id='word_1_284' title='bbox 931 3669 1016 3720; x_wconf 90' lang='lat' dir='ltr'>nuntii</span> <span class='ocrx_word' id='word_1_285' title='bbox 1035 3667 1103 3720; x_wconf 87' lang='lat' dir='ltr'>alius</span> <span class='ocrx_word' id='word_1_286' title='bbox 1121 3667 1202 3720; x_wconf 90' lang='lat' dir='ltr'>alium</span> <span class='ocrx_word' id='word_1_287' title='bbox 1234 3679 1238 3690; x_wconf 85' lang='lat'><strong><em>¹</em></strong></span> 
     </span>
     <span class='ocr_line' id='line_1_35' title="bbox 98 3739 1203 3808; baseline 0 -16"><span class='ocrx_word' id='word_1_288' title='bbox 98 3741 276 3806; x_wconf 81' lang='lat' dir='ltr'>anteveniens</span> <span class='ocrx_word' id='word_1_289' title='bbox 300 3740 333 3790; x_wconf 93' lang='lat' dir='ltr'>ad</span> <span class='ocrx_word' id='word_1_290' title='bbox 360 3755 451 3807; x_wconf 80' lang='lat' dir='ltr'>regem</span> <span class='ocrx_word' id='word_1_291' title='bbox 477 3740 661 3804; x_wconf 85' lang='lat' dir='ltr'>deferrentur,</span> <span class='ocrx_word' id='word_1_292' title='bbox 688 3749 715 3792; x_wconf 91' lang='lat' dir='ltr'><strong><em>et</em></strong></span> <span class='ocrx_word' id='word_1_293' title='bbox 740 3739 854 3808; x_wconf 90' lang='lat' dir='ltr'>populus</span> <span class='ocrx_word' id='word_1_294' title='bbox 883 3741 967 3791; x_wconf 85' lang='lat' dir='ltr'>omnis</span> <span class='ocrx_word' id='word_1_295' title='bbox 993 3740 1203 3792; x_wconf 68' lang='lat' dir='ltr'>convenirct&#39;et</span> 
     </span>
     <span class='ocr_line' id='line_1_36' title="bbox 99 3811 1204 3879; baseline 0.002 -17"><span class='ocrx_word' id='word_1_296' title='bbox 99 3819 263 3879; x_wconf 81' lang='lat' dir='ltr'>cogeretur,</span> <span class='ocrx_word' id='word_1_297' title='bbox 292 3819 317 3862; x_wconf 93' lang='lat' dir='ltr'><strong><em>et</em></strong></span> <span class='ocrx_word' id='word_1_298' title='bbox 344 3812 502 3863; x_wconf 84' lang='lat' dir='ltr'>turbationis</span> <span class='ocrx_word' id='word_1_299' title='bbox 529 3820 600 3863; x_wconf 91' lang='lat' dir='ltr'>esset</span> <span class='ocrx_word' id='word_1_300' title='bbox 619 3811 681 3863; x_wconf 92' lang='lat' dir='ltr'>urbs</span> <span class='ocrx_word' id='word_1_301' title='bbox 705 3812 786 3878; x_wconf 86' lang='lat' dir='ltr'>plena</span> <span class='ocrx_word' id='word_1_302' title='bbox 805 3820 831 3863; x_wconf 90' lang='lat' dir='ltr'>ct</span> <span class='ocrx_word' id='word_1_303' title='bbox 850 3812 1031 3863; x_wconf 80' lang='lat' dir='ltr'>contusionis:</span> <span class='ocrx_word' id='word_1_304' title='bbox 1050 3827 1080 3863; x_wconf 85' lang='lat' dir='ltr'>se</span> <span class='ocrx_word' id='word_1_305' title='bbox 1099 3814 1204 3878; x_wconf 88' lang='lat' dir='ltr'>paravit</span> 
     </span>
     <span class='ocr_line' id='line_1_37' title="bbox 99 3882 1270 3950; baseline 0 -16"><span class='ocrx_word' id='word_1_306' title='bbox 99 3884 142 3934; x_wconf 90' lang='lat' dir='ltr'><strong><em>bic</em></strong></span> <span class='ocrx_word' id='word_1_307' title='bbox 166 3898 217 3934; x_wconf 85' lang='lat' dir='ltr'>rex</span> <span class='ocrx_word' id='word_1_308' title='bbox 244 3882 322 3933; x_wconf 88' lang='lat' dir='ltr'>simul</span> <span class='ocrx_word' id='word_1_309' title='bbox 348 3899 406 3933; x_wconf 90' lang='lat' dir='ltr'><strong><em>cum</em></strong></span> <span class='ocrx_word' id='word_1_310' title='bbox 432 3884 552 3950; x_wconf 82' lang='lat' dir='ltr'>Augusta</span> <span class='ocrx_word' id='word_1_311' title='bbox 576 3892 603 3935; x_wconf 94' lang='lat' dir='ltr'><strong><em>et</em></strong></span> <span class='ocrx_word' id='word_1_312' title='bbox 621 3885 676 3934; x_wconf 85' lang='lat' dir='ltr'>suis</span> <span class='ocrx_word' id='word_1_313' title='bbox 695 3883 788 3934; x_wconf 90' lang='lat' dir='ltr'>liberis</span> <span class='ocrx_word' id='word_1_314' title='bbox 809 3891 835 3934; x_wconf 91' lang='lat' dir='ltr'><strong><em>et</em></strong></span> <span class='ocrx_word' id='word_1_315' title='bbox 853 3883 1019 3935; x_wconf 88' lang='lat' dir='ltr'>devenerunt</span> <span class='ocrx_word' id='word_1_316' title='bbox 1037 3883 1069 3935; x_wconf 92' lang='lat' dir='ltr'>ad</span> <span class='ocrx_word' id='word_1_317' title='bbox 1088 3884 1202 3934; x_wconf 87' lang='lat' dir='ltr'>vicinam</span> <span class='ocrx_word' id='word_1_318' title='bbox 1267 3911 1270 3916; x_wconf 91' lang='lat'>·</span> 
     </span>
     <span class='ocr_line' id='line_1_38' title="bbox 99 3955 1202 4023; baseline -0.005 -16"><span class='ocrx_word' id='word_1_319' title='bbox 99 3957 182 4022; x_wconf 82' lang='lat' dir='ltr'>ripam</span> <span class='ocrx_word' id='word_1_320' title='bbox 208 3962 236 4005; x_wconf 87' lang='lat' dir='ltr'><strong><em>et</em></strong></span> <span class='ocrx_word' id='word_1_321' title='bbox 260 3970 319 4004; x_wconf 89' lang='lat' dir='ltr'><strong><em>cum</em></strong></span> <span class='ocrx_word' id='word_1_322' title='bbox 343 3970 397 4006; x_wconf 92' lang='lat' dir='ltr'><strong><em>nou</em></strong></span> <span class='ocrx_word' id='word_1_323' title='bbox 416 3956 569 4006; x_wconf 91' lang='lat' dir='ltr'>invenirent</span> <span class='ocrx_word' id='word_1_324' title='bbox 593 3957 725 4023; x_wconf 82' lang='lat' dir='ltr'>regiarum</span> <span class='ocrx_word' id='word_1_325' title='bbox 752 3957 859 4007; x_wconf 90' lang='lat' dir='ltr'>navium</span> <span class='ocrx_word' id='word_1_326' title='bbox 887 3955 967 4005; x_wconf 89' lang='lat' dir='ltr'>ullam</span> <span class='ocrx_word' id='word_1_327' title='bbox 993 3955 1131 4021; x_wconf 83' lang='lat' dir='ltr'>navigium</span> <span class='ocrx_word' id='word_1_328' title='bbox 1150 3956 1202 4005; x_wconf 92' lang='lat' dir='ltr'><strong><em>im.</em></strong></span> 
     </span>
     <span class='ocr_line' id='line_1_39' title="bbox 99 4026 1202 4096; baseline -0.004 -18"><span class='ocrx_word' id='word_1_329' title='bbox 99 4027 261 4093; x_wconf 88' lang='lat' dir='ltr'>peratorium</span> <span class='ocrx_word' id='word_1_330' title='bbox 282 4027 351 4093; x_wconf 88' lang='lat' dir='ltr'>quod</span> <span class='ocrx_word' id='word_1_331' title='bbox 370 4042 456 4092; x_wconf 87' lang='lat' dir='ltr'>nuper</span> <span class='ocrx_word' id='word_1_332' title='bbox 483 4027 623 4096; x_wconf 84' lang='lat' dir='ltr'>appulerat</span> <span class='ocrx_word' id='word_1_333' title='bbox 640 4042 688 4093; x_wconf 93' lang='lat' dir='ltr'><strong><em>pro</em></strong></span> <span class='ocrx_word' id='word_1_334' title='bbox 709 4028 820 4094; x_wconf 89' lang='lat' dir='ltr'>quadam</span> <span class='ocrx_word' id='word_1_335' title='bbox 839 4026 982 4092; x_wconf 87' lang='lat' dir='ltr'>improvisa</span> <span class='ocrx_word' id='word_1_336' title='bbox 1002 4035 1029 4076; x_wconf 93' lang='lat' dir='ltr'><strong><em>et</em></strong></span> <span class='ocrx_word' id='word_1_337' title='bbox 1039 4026 1131 4077; x_wconf 87' lang='lat' dir='ltr'>dextra</span> <span class='ocrx_word' id='word_1_338' title='bbox 1144 4026 1202 4077; x_wconf 86' lang='lat' dir='ltr'>for.</span> 
     </span>
     <span class='ocr_line' id='line_1_40' title="bbox 99 4097 1201 4164; baseline 0 -16"><span class='ocrx_word' id='word_1_339' title='bbox 99 4107 171 4162; x_wconf 88' lang='lat' dir='ltr'>tuna,</span> <span class='ocrx_word' id='word_1_340' title='bbox 190 4100 249 4149; x_wconf 81' lang='lat' dir='ltr'>sive</span> <span class='ocrx_word' id='word_1_341' title='bbox 267 4100 356 4164; x_wconf 87' lang='lat' dir='ltr'>potius</span> <span class='ocrx_word' id='word_1_342' title='bbox 375 4099 456 4148; x_wconf 89' lang='lat' dir='ltr'>tacita</span> <span class='ocrx_word' id='word_1_343' title='bbox 474 4100 660 4164; x_wconf 83' lang='lat' dir='ltr'>providentiae</span> <span class='ocrx_word' id='word_1_344' title='bbox 680 4097 828 4161; x_wconf 86' lang='lat' dir='ltr'>voluntate,</span> <span class='ocrx_word' id='word_1_345' title='bbox 848 4107 877 4147; x_wconf 90' lang='lat' dir='ltr'>ut</span> <span class='ocrx_word' id='word_1_346' title='bbox 896 4107 970 4148; x_wconf 89' lang='lat' dir='ltr'>eraut</span> <span class='ocrx_word' id='word_1_347' title='bbox 982 4099 1069 4150; x_wconf 87' lang='lat' dir='ltr'>studio</span> <span class='ocrx_word' id='word_1_348' title='bbox 1089 4098 1201 4162; x_wconf 87' lang='lat' dir='ltr'>incitati,</span> 
     </span>
     <span class='ocr_line' id='line_1_41' title="bbox 101 4171 1201 4240; baseline 0 -21"><span class='ocrx_word' id='word_1_349' title='bbox 101 4171 284 4221; x_wconf 86' lang='lat' dir='ltr'>ascenderunt.</span> <span class='ocrx_word' id='word_1_350' title='bbox 322 4179 402 4239; x_wconf 88' lang='lat' dir='ltr'>atque</span> <span class='ocrx_word' id='word_1_351' title='bbox 419 4185 478 4222; x_wconf 84' lang='lat' dir='ltr'>curn</span> <span class='ocrx_word' id='word_1_352' title='bbox 495 4174 585 4240; x_wconf 85' lang='lat' dir='ltr'>regias</span> <span class='ocrx_word' id='word_1_353' title='bbox 599 4171 679 4222; x_wconf 89' lang='lat' dir='ltr'>remis</span> <span class='ocrx_word' id='word_1_354' title='bbox 698 4177 822 4237; x_wconf 88' lang='lat' dir='ltr'>peterent</span> <span class='ocrx_word' id='word_1_355' title='bbox 840 4171 955 4222; x_wconf 84' lang='lat' dir='ltr'>assecuti</span> <span class='ocrx_word' id='word_1_356' title='bbox 976 4177 1036 4222; x_wconf 88' lang='lat' dir='ltr'>sunt</span> <span class='ocrx_word' id='word_1_357' title='bbox 1047 4171 1201 4237; x_wconf 87' lang='lat' dir='ltr'>participem</span> 
     </span>
     <span class='ocr_line' id='line_1_42' title="bbox 103 4241 1213 4310; baseline -0.002 -18"><span class='ocrx_word' id='word_1_358' title='bbox 103 4242 175 4309; x_wconf 89' lang='lat' dir='ltr'>impii</span> <span class='ocrx_word' id='word_1_359' title='bbox 193 4241 302 4293; x_wconf 88' lang='lat' dir='ltr'>&#39;consilii</span> <span class='ocrx_word' id='word_1_360' title='bbox 321 4241 437 4307; x_wconf 87' lang='lat' dir='ltr'>lintrem,</span> <span class='ocrx_word' id='word_1_361' title='bbox 457 4253 650 4309; x_wconf 84' lang='lat' dir='ltr'>provocantem</span> <span class='ocrx_word' id='word_1_362' title='bbox 669 4257 771 4310; x_wconf 77' lang='lat' dir='ltr'>regem,</span> <span class='ocrx_word' id='word_1_363' title='bbox 791 4250 820 4292; x_wconf 97' lang='lat' dir='ltr'>ut</span> <span class='ocrx_word' id='word_1_364' title='bbox 837 4243 864 4294; x_wconf 89' lang='lat' dir='ltr'><strong><em>in</em></strong></span> <span class='ocrx_word' id='word_1_365' title='bbox 881 4257 940 4294; x_wconf 87' lang='lat' dir='ltr'>eum</span> <span class='ocrx_word' id='word_1_366' title='bbox 953 4242 1147 4310; x_wconf 78' lang='lat' dir='ltr'>ingrederetur,</span> <span class='ocrx_word' id='word_1_367' title='bbox 1157 4247 1213 4292; x_wconf 63' lang='lat' dir='ltr'>ut.‘</span> 
     </span>
    </p>
   </div>
   <div class='ocr_carea' id='block_1_5' title="bbox 0 0 1497 4825">
    <p class='ocr_par' dir='ltr' id='par_1_5' title="bbox 0 0 1497 4825">
     <span class='ocr_line' id='line_1_43' title="bbox 0 0 1497 4825; baseline 0 0"><span class='ocrx_word' id='word_1_368' title='bbox 0 0 1497 4825; x_wconf 95' lang='lat' dir='ltr'><strong><em> </em></strong></span> 
     </span>
    </p>
   </div>
  </div>
 </body>
</html>
