2967 4825
535 291 743 406 πιετοιιιλ.
994 282 996 291 ’
1037 349 1039 355 .
1114 292 1185 367 ιον

94 446 495 537 ἲππιινέπιιναστρέφοντες
510 454 554 538 μή
567 458 647 520 utcu
668 454 879 537 τὸνβασιλέα,
893 459 927 521 τί
947 460 1082 539 γέγονεν,
1104 460 1188 542 ἐρω-
1260 503 1267 511 »

93 554 222 633 πιόμενοι
240 554 459 634 α’πεκρίναντο.
505 561 562 620 καί
592 548 632 640 ἧν
655 554 784 638 σεισμός
814 548 877 632 οἷος
900 558 955 623 καιΙ
977 556 1115 643 ὀδυρμὸς
1133 560 1190 623 καί

94 650 183 729 πόνος
204 656 259 719 καί
280 652 379 740 φόβος
402 655 565 743 οἷκίχητος,
588 655 643 721 καί
665 657 684 739 ή
705 655 790 733 κόνις
807 659 961 742 αἰθέριος,
982 658 1037 725 καί
1049 662 1136 735 τέλος
1158 656 1188 723 οἱ

97 757 229 838 Ταόρκοι
258 754 460 836 πανταχόθεν
481 752 558 841 ήμίν
580 763 809 842 περιρρέοντες.
862 754 952 841 όθιινΙ
967 764 1022 823 καί
1042 756 1085 834 τός
1105 752 1190 840 εἶχεν

70 855 254 929 οὲκαστος
238 852 371 938 ορμήςή
368 850 573 939 οπουόής”
552 885 568 941 η
587 863 711 941 ἰσχύος,
729 863 820 946 φυγή
831 862 887 943 τήν
900 857 1016 926 ἑαυτοῦ
1028 859 1187 945 σωτηρίαν

93 958 282 1021 ἐπίστευσεν.
325 954 432 1020 οὶόΗ
417 961 552 1023 εναντιόι
574 961 707 1026 κατόπιν
728 958 949 1058 διώκοντες
910 987 965 1063 ους
982 964 1040 1043 μὲν
1063 964 1188 1025 α’νεϊλον

93 1053 146 1133 σός
173 1059 209 1121 δὲ
239 1060 358 1145 ζωγρίηι
389 1050 493 1141 εἷλον,
527 1056 655 1145 ἐτέρους
683 1064 717 1127 δὲ
754 1056 964 1127 συνεπάτουν.
1014 1060 1069 1127 καί
1075 1053 1189 1149 ἦντὸ

91 1160 220 1241 πρᾶγμα
242 1156 313 1222 λίαν
334 1160 496 1225 ἐπώδυνον
517 1186 568 1225 και
590 1163 692 1226 πάντα
707 1167 826 1247 θρῆνον
844 1160 1050 1247 ὑπερβάλλον
1064 1187 1117 1227 και
1134 1187 1189 1227 κο-

91 1254 192 1324 πετόν.
236 1264 269 1323 τί
285 1259 346 1344 γὰρ
371 1260 580 1344 ἐλεεινότερον
608 1266 666 1327 τοό
687 1261 900 1344 στρατόπεδον
923 1260 1190 1347 ἅπαν-βασιλικόν

56 1364 176 1445 λθφυγῇ
202 1366 257 1425 καί
279 1356 354 1449 ήττη
374 1362 460 1444 παρὰ
490 1365 664 1447 βαρβάρων
688 1361 914 1449 α’πανθρτόπων
944 1370 1000 1431 καί
1019 1364 1189 1449 α’ποτόμιον

92 1459 300 1543 ἐλαύνεσθαι,
322 1466 378 1528 καί
402 1462 454 1527 τόν
481 1470 846 1550 βασιλέαβαρβαρικοΐς
876 1461 983 1543 όπλυις
1011 1462 1189 1553 α’βοήθητόν

93 1563 377 1654 περρεστοιχισθαι,
398 1568 453 1629 καί
472 1564 529 1640 τὰς
549 1572 732 1649 βασιλείους
755 1567 871 1652 σκηνὰς
893 1571 948 1631 κατ’
963 1568 1020 1646 τός
1041 1566 1189 1653 ήγεμονι-

92 1665 147 1737 κός
170 1660 239 1744 ἅμα
257 1667 311 1729 καί
330 1666 560 1751 στρατιωτικός
576 1666 638 1731 όπό
660 1666 809 1733 τοιοότανν
825 1670 950 1755 α’νόριόν
970 1668 1190 1754 κυριεόεσθαι,

92 1766 144 1829 καί
165 1757 252 1829 όπιιν
275 1765 450 1833 α’νόστατον
463 1764 499 1831 τό
518 1765 695 1850 Ῥωμαϊκόν
716 1774 930 1854 καθορᾶσθαι,
955 1769 1010 1836 καί
1022 1774 1191 1855 βασιλείαν

58 1869 265 1949 15ἐνιίκαρεῖ
287 1878 448 1934 κατανοεῖν
468 1874 705 1949 συμπεσοῦσαν.

165 1963 318 2038 ,Καίτίι
338 1973 397 2052 μὲν
424 1975 483 2034 τοῦ
512 1974 626 2035 λοιποῦ
655 1970 797 2055 πλήθους
827 1977 860 2039 ἐν
888 1972 1033 2050 τοότοις·
1075 1975 1128 2040 τὸν
1153 1977 1188 2040 tt
1218 2029 1220 2033 .

92 2074 225 2151 βασιλέα
245 2073 535 2155 περιστοιχιλναντες
566 2070 595 2136 οἱ
629 2077 775 2151 πολέμιοι
806 2074 862 2137 ουίι
884 2076 1072 2158 εόχείρωτον
1094 2072 1189 2158 ἐσχον

92 2171 200 2258 εόθός,
223 2171 292 2235 ἀλλ’
314 2164 372 2236 τότε
393 2170 590 2258 στρατιώτης
607 2177 662 2237 κατ’
674 2177 845 2258 πολεμικῆς
865 2174 1029 2258 ἐμπειρίας
1052 2174 1190 2259 εἰδήμων

93 2276 144 2336 και1
166 2272 325 2349 κινδόνοις
347 2276 584 2357 προσομιλήσας
597 2263 745 2354 πολλοῖς,
771 2277 929 2359 καρτερῶς
951 2272 1094 2357 η’μόνατο
1115 2275 1189 2352 τοός

56 2373 363 2457 λθπροσπίπτοντας,
394 2375 450 2440 καί
473 2375 609 2451 πολλοὺς
639 2374 759 2442 α’νελοόν
783 2379 869 2451 τέλος
897 2376 1015 2462 ἐπλήγη
1035 2374 1189 2467 φαογόνιρ

92 2476 144 2560 τήν
160 2485 278 2560 χεῖρα,
312 2482 371 2542 τοῦ
395 2502 429 2543 τε
457 2476 553 2542 ἵππου
584 2478 690 2559 βέλεσι
709 2484 1007 2559 κατακοντισθέντος
1038 2481 1073 2545 ἐκ
1094 2477 1190 2556 ποδός
1273 2525 1284 2534 -

90 2579 272 2663 μαχόμενος
300 2579 421 2646 ἵστατο.
463 2578 575 2662 καμιόν
598 2583 630 2643 θ’
654 2574 739 2661 όμιος
771 2579 851 2664 πρός
873 2576 1011 2666 ἑσπέραν
1030 2578 1191 2662 ἁλώσιμος

91 2684 144 2746 καί
162 2680 371 2768 ὑπόσπονδος,
393 2685 457 2770 φεό
478 2687 537 2747 τοῦ
558 2680 691 2764 πόθους,
705 2672 844 2766 ἐγένετο.
887 2687 942 2748 καί
964 2686 1002 2770 τῇ
1024 2685 1084 2766 μὲν
1103 2670 1193 2748 νυκτὶ

94 2987 273 3053 sponderent:
301 2993 381 3054 atque
406 2995 463 3039 erat
486 2987 650 3054 perturbatio
678 2991 802 3055 tauquam
829 2995 856 3038 et
878 2985 996 3038 ululatus
1024 2995 1049 3038 et
1067 2985 1144 3038 labor
1166 2993 1193 3038 et

95 3058 156 3127 luga
183 3059 290 3125 rapida·
315 3057 406 3130 pulvis
431 3061 463 3111 ad
500 3059 604 3110 coelum
631 3058 793 3123 tollebatur,
822 3066 901 3126 atque
931 3066 1065 3125 pestremo
1092 3058 1193 3110 Turcae

94 3131 211 3198 undique
229 3129 307 3180 nubis
327 3128 560 3182 circumlinebant:
591 3131 759 3198 quamobrem
787 3131 864 3180 etiam
889 3131 1001 3197 quisque
1020 3145 1068 3196 pro
1091 3130 1193 3183 viribus

94 3201 137 3253 r'el
156 3200 298 3254 celeritate
317 3201 362 3254 vel
383 3203 476 3268 opibus
499 3203 579 3270 lagae
599 3202 710 3253 salutem
729 3201 932 3253 commendavit.
979 3201 1069 3252 hostes
1089 3215 1154 3252 vero
1177 3216 1194 3252 a

94 3281 168 3342 terge
188 3275 361 3340 insequentes
380 3274 448 3326 alius
472 3275 674 3338 interfecerunt,
694 3273 762 3324 alios
788 3273 867 3325 vivos
889 3279 1027 3338 ceperunt,
1046 3271 1114 3324 alios
1134 3272 1193 3324 cal.

95 3353 203 3396 carunt:
224 3352 305 3413 atque
324 3353 380 3396 erat
397 3362 440 3397 res
459 3347 537 3396 nimis
556 3347 639 3397 tristis
668 3345 793 3410 omnique
818 3344 892 3398 luctu
919 3359 950 3395 ac
969 3343 1078 3410 planctu
1099 3346 1191 3396 maior.

95 3417 155 3484 quid
174 3417 244 3467 enim
263 3419 387 3468 miserius
407 3433 483 3485 quam
515 3419 660 3469 exereitum
679 3431 783 3467 emnem
807 3415 909 3484 regium
933 3417 960 3468 in
978 3415 1066 3482 lugam
1086 3422 1113 3465 et
1133 3415 1192 3467 cla.

94 3489 150 3540 dem
169 3505 185 3538 a
205 3488 324 3540 barbaris
342 3488 491 3541 inhumanis
509 3496 539 3545 ‚et
557 3489 709 3541 crudelibus
731 3487 798 3555 pelli
820 3496 845 3539 et
864 3502 956 3556 regem
974 3487 1192 3538 barbaris'armis

94 3559 193 3627 absque
212 3559 322 3612 auxiliis
342 3561 530 3612 circumdatum
551 3577 610 3612 esse
628 3570 655 3611 et
672 3561 746 3627 regis
764 3560 914 3628 ducumque
934 3560 1049 3610 tentoria
1068 3558 1146 3611 simul
1165 3566 1194 3610 et

93 3630 205 3682 rnilitum
224 3632 323 3684 talibus
342 3632 375 3682 ab
394 3626 545 3683 hominibus
557 3642 708 3700 expugnata
727 3648 797 3696 esse,
811 3647 887 3700 quam
902 3633 989 3682 omnia
1008 3631 1108 3684 Graeca
1126 3646 1192 3698 per-

95 3703 196 3754 turbata
215 3719 381 3771 regnumque
399 3704 477 3755 brevi
495 3703 629 3772 lapsurum
648 3706 760 3757 uidere:
779 3711 859 3772 atque
879 3703 999 3772 reliquus
1018 3703 1123 3786 quidem
1142 3717 1193 3758 ex-

95 3776 191 3828 ercitus
211 3776 248 3826 ita
266 3791 295 3828 se
315 3775 438 3828 babebat.

191 3864 292 3932 Regem
312 3881 379 3916 reru
400 3856 642 3927 circumuenientes
668 3865 764 3916 hostes
776 3880 830 3915 non
849 3864 1015 3916 tractabilem
1034 3867 1195 3918 invenerunt

94 3935 185 3988 illicet
203 3937 298 3988 sedat
317 3935 395 3990 miles
415 3946 442 3989 et
461 3938 643 4004 experientiae
667 3935 784 3988 bellicae
803 3938 905 4002 peritus
931 3935 1112 4005 periculisque
1130 3950 1194 3990 usus

93 4006 182 4060 multis
212 4009 402 4075 aggredientes
438 4016 547 4061 strenue
571 4009 669 4060 arcuit:
702 4006 848 4074 multisque
874 4007 1022 4060 interiectis
1059 4017 1194 4076 postremo

95 4079 160 4130 ictus
183 4087 225 4131 est
242 4079 332 4148 gladio
352 4081 379 4132 in
398 4096 476 4131 manu
496 4089 523 4131 et
542 4094 610 4148 equo
630 4080 693 4131 telis
712 4080 817 4131 deiecto
835 4079 919 4145 pedes
937 4081 1075 4148 pugnavit.
1114 4081 1193 4134 (leia-

94 4150 190 4217 tigstns
208 4159 295 4203 tamen
315 4153 347 4204 acl
365 4167 507 4219 vesperum
533 4151 702 4221 (miserabile
730 4150 833 4218 dictul)
854 4149 902 4202 sub
926 4151 1122 4206 conditionibus
1142 4154 1191 4205 de.

94 4222 199 4276 diticius
227 4223 314 4278 sactus
343 4233 394 4278 est.
439 4231 519 4293 atque
543 4231 624 4275 necte
648 4223 755 4292 quidem
773 4221 822 4272 illa
840 4230 869 4273 ut
894 4222 970 4291 vulgi
988 4222 1085 4293 aliquis
1103 4234 1192 4280 terrae
1238 4291 1244 4295 ῃ
