2967 4825
245 315 283 367 n
443 272 700 364 ‘wnsmurm'
717 290 893 406 saunari
923 300 978 361 on
1006 298 1156 363 rursm

345 462 508 565 Ἱοτορία
540 468 738 537 ἐκποθεῖσα
773 464 875 559 παρὰ
901 466 1061 562 Μιχαὴλ
1096 459 1348 558 αἰδεοιμωτά-

27 578 37 597 ’Δ
85 654 88 661 .
159 598 177 641 -’
247 618 316 662 του
347 598 474 691 κριτοῦ
495 590 556 679 ἐπὶ
581 596 650 660 τοῦ
686 585 919 687 ἱπποδρόμου
950 590 1013 658 καὶ
1039 596 1109 668 τοῦ
1134 590 1261 686 βήλουΙ
1279 599 1349 661 τοῦ

249 717 531 787 Ἀτταλειάτου.
592 716 752 788 Praefixa
779 730 833 788 est
863 717 1015 814 epistola
1041 716 1267 789 dedicatoria
1301 715 1347 788 ad

248 845 506 941 imperatorem
534 842 781 939 Nicephorum
804 842 1041 913 Botaniatem.
1095 843 1166 915 Res
1192 867 1346 937 quarum

155 986 158 999 '
251 970 328 1067 ipse
351 970 450 1040 testis
475 969 603 1060 extitit,
627 968 728 1040 brevi
757 966 921 1063 quodam
947 967 1124 1038 orationis
1148 991 1281 1064 genere
1307 993 1349 1039 ac

249 1095 404 1192 simplici
429 1118 574 1165 narrare
592 1118 629 1164 se
656 1091 849 1190 profitetur
862 1094 886 1180 ¹)
913 1090 994 1190 περὶ
1019 1084 1066 1161 ὧν
1092 1091 1157 1161 οὐκ
1182 1090 1273 1188 α’κοῇ
1286 1089 1348 1162 καὶ

249 1218 382 1309 μύθοις
402 1216 532 1313 ἑτέρων
559 1215 772 1314 παρέλαβον
798 1216 886 1285 ἀλλ’
899 1209 946 1316 ὧν
972 1214 1160 1297 αὐτόπτης
1183 1214 1244 1283 καὶ
1257 1218 1348 1285 Sca·
1466 1287 1467 1309 ρ

134 1383 149 1397 ν
251 1344 314 1424 τὴς
341 1342 590 1439 ἐχρημάτιοα.
645 1340 839 1413 Exorditur
861 1366 881 1411 a
907 1313 1081 1414 Michaele
1104 1340 1348 1438 Paphlagone,
1466 1331 1467 1336 ἵ

141 1558 146 1567 ⁶
255 1468 319 1564 qui
346 1492 443 1538 anno
472 1464 603 1568 Christi
634 1469 729 1539 1034
765 1467 964 1561 imperator
986 1464 1197 1535 lactusest.
1236 1463 1346 1534 .lnde

249 1592 419 1689 quinque
445 1591 677 1686 sequentium
690 1595 936 1687 Augustorum
961 1590 1049 1660 vitas
1076 1589 1234 1660 breviter
1258 1612 1345 1683 per-

252 1717 434 1811 sequitur3
469 1740 551 1785 cum
580 1729 701 1787 autem
721 1714 784 1785 rad
804 1715 968 1786 'Romani
998 1715 1168 1810 Diogenis
1206 1727 1242 1784 ct
1275 1715 1349 1788 Mi·

251 1820 385 1912 cha'elis
406 1842 526 1911 Ducae
549 1853 716 1936 tempora
739 1841 920 1936 pervenit,
948 1863 1106 1935 quorum
1134 1840 1201 1911 sub
1230 1841 1348 1935 impe·

167 1992 168 1995 ¹
252 1966 308 2037 rio
333 1966 439 2036 variis
464 1964 607 2035 functus
635 1979 688 2035 est
713 1951 993 2061 magistratibus,
1003 1964 1075 2034 iam
1101 1965 1203 2035 aulae
1231 1979 1350 2035 muta-

250 2091 342 2161 biles
367 2090 726 2185 status‚,bellicasque
750 2088 1001 2185 expeditiones
1024 2090 1158 2184 quibus
1176 2088 1351 2181 interfuit,

252 2215 363 2309 fusius
390 2238 535 2286 narrare
561 2213 693 2310 coepit.
747 2214 955 2308 Nicephoro
979 2213 1140 2309 denique
1161 2214 1350 2287 Botauiate

252 2338 376 2411 omnia
402 2364 496 2437 quae
522 2362 588 2436 per
601 2340 793 2453 biennium
818 2352 916 2447 gesta
939 2314 1024 2408 sunt
1044 2337 1196 2409 summis
1213 2363 1351 2441 cumu-

249 2467 299 2537 lat
322 2463 510 2550 laudibus,
538 2479 678 2536 caetcra
706 2464 882 2561 deinceps
907 2489 944 2534 se
972 2468 1166 2535 relaturum
1194 2465 1352 2560 promit-

248 2597 385 2672 tens²].
413 2591 619 2661 Botaniates
645 2614 731 2660 vero
761 2602 845 2685 post
869 2589 1012 2684 aliquot
1037 2612 1180 2660 menses
1198 2590 1243 2659 ab
1267 2588 1351 2659 lte-

240 2712 313 2786 'xio
338 2710 530 2788 Comneno
557 2714 692 2809 palatio
721 2715 888 2811 expulsus
925 2713 961 2783 in
996 2713 1257 2784 monasterium
1292 2736 1351 2783 se-

253 2840 375 2912 cessit:
399 2835 498 2910 unde
527 2839 710 2910 coniicere
744 2837 860 2934 possis
896 2838 933 2908 in
964 2850 1037 2907 tam
1073 2838 1192 2908 subita
1228 2863 1349 2909 rerum

252 2963 458 3036 mutatione
488 2977 673 3056 nostrum,
710 2964 738 3033 si
766 2962 880 3033 modo
903 2963 1048 3059 patroni
1074 2963 1201 3033 ruinae
1223 2987 1351 3058 super·
1469 2982 1470 3055 ς

251 3089 322 3160 luit
347 3089 472 3174 cliens,
501 3113 546 3158 ne
572 3087 863 3184 priorisdomini
879 3083 1005 3158 laudes
1019 3086 1163 3158 crimini
1186 3089 1255 3158 sibi
1270 3112 1351 3158 ver·
1469 3094 1470 3153 l

250 3227 429 3306 terentur,
459 3211 549 3283 nihil
577 3213 689 3310 magis
716 3227 859 3308 optasse
877 3238 987 3309 quam
1017 3212 1348 3283 utinoblivioncm
1469 3294 1470 3305 ρ

252 3340 405 3411 veniret.
460 3335 571 3428 Quod
599 3339 631 3409 ei
659 3337 722 3409 diu
759 3351 795 3408 et
820 3337 940 3408 forsan
973 3338 1066 3408 ultra
1098 3361 1199 3432 spem
1232 3336 1352 3406 conti-

251 3467 343 3563 gisse
365 3464 517 3536 videtur.
543 3463 682 3536 Nullam
712 3463 810 3532 enim
839 3463 915 3532 eius
941 3461 1039 3558 apud
1066 3465 1259 3557 scriptores
1286 3463 1350 3558 qui

255 3586 383 3659 eadem
413 3601 529 3658 aetate
555 3589 771 3678 floruerunt,
790 3587 1016 3656 mentionem
1041 3584 1199 3655 invenio.
1253 3582 1351 3656 Con-

169 3789 173 3800 ,
253 3725 350 3783 stant
375 3726 499 3783 tamen
526 3711 585 3781 illa
612 3710 657 3781 de
687 3713 799 3782 nostri
827 3710 939 3782 libris
955 3736 997 3782 ae
1018 3712 1109 3804 vita,
1141 3709 1273 3808 partim
1309 3736 1350 3780 ex

255 3836 333 3907 eius
359 3833 406 3906 de
429 3862 467 3906 se
494 3837 573 3931 ipso
600 3836 829 3906 testimoniis.
893 3836 971 3906 Fuit
995 3833 1146 3906 Michael
1169 3835 1351 3907 Attaliates

254 4013 529 4024 „um-

358 4097 386 4165 1)
408 4093 456 4146 tol.
479 4095 529 4148 168
546 4103 631 4148 recto.

355 4193 386 4260 2)
407 4190 455 4244 lol.
474 4192 525 4245 239
546 4207 635 4244 verso.
674 4227 675 4240 l
