2967 4825
544 253 754 323 rnsronut.
888 237 890 242 ’
1132 216 1206 331 νεῖ

104 418 284 500 δραγαθίας
299 418 356 481 κιιί
375 412 464 500 δόξης
484 409 555 482 όσον
577 381 670 492 οὗτος
690 416 945 505 ὑπερηκόντισεν,
969 416 1011 495 ῶς
1028 416 1110 503 μήτε
1131 424 1210 485 τοδ-

100 538 156 581 τον
176 510 266 595 ἀξιον
296 509 377 581 εἶναι
408 518 579 599 προγόνους
611 514 741 599 ἑτέρους
762 515 847 601 ἔχειν
877 512 899 603 ή
926 521 1063 597 ἐκείνους
1073 503 1232 605 ,μένους’
1287 598 1289 601 ,

100 614 177 700 μήτ’
199 616 338 691 ἐκείνους
357 615 513 699 ἀπόγονον
525 615 636 701 ’ἕτερον
658 617 681 702 ἢ
702 616 758 684 τόν
778 622 834 684 νῦν
855 619 1105 707 εάφημοόμενον.
1129 617 1207 709 ὅπερ

101 715 142 803 δή
168 721 272 792 καλῶς
295 720 405 782 ποιοῦν
428 721 483 782 καί
501 721 708 802 συνέδραμεν.

76 831 92 884 5
199 814 245 885 Ἡ
260 822 320 901 μέν
341 810 398 884 οὖν
417 821 602 904 τοῦγένους
624 820 724 887 οότοό
748 819 898 889 ἀνωτάτω
912 823 968 890 καί
987 821 1094 909 πρώτη
1116 816 1207 908 σειρά

101 924 139 987 ἐκ
158 925 223 987 τῶν
249 920 412 987 Φωκόδων
433 925 558 987 ἐκείνων
583 917 748 1009 ἀρμηται,
772 922 937 994 Φωκάδων
955 916 999 990 ῶν
1020 928 1107 1000 κλέος
1128 911 1207 1009 εάρό

101 1018 186 1089 κατά
208 1026 315 1087 πᾶσαν
333 1023 392 1107 γῆν
412 1045 448 1087 τε
469 1026 525 1087 καί
546 1022 724 1090 θάλασσαν.
769 1016 854 1090 νότοι
873 1025 934 1110 γὰρ
957 1010 1131 1113 ὑπερφυῶς
1149 1032 1211 1091 τῶν

101 1117 209 1190 ἄλλων
230 1122 265 1187 τό
288 1120 404 1208 κρότος
428 1126 462 1189 ἐν
485 1128 658 1205 βασιλείοις
679 1129 851 1214 ἐκέκτηντο,
873 1132 1076 1214 στρατηγίαις
1100 1150 1133 1192 τε
1157 1131 1212 1194 καί

101 1229 322 1311 δημαγωγιόιις
353 1226 408 1291 καί
434 1227 570 1315 ἀνδρείῳ
599 1232 749 1311 βραχίονι
778 1230 832 1293 καί
856 1235 966 1311 γένους
1001 1228 1211 1314 ἐπισημότητι

10 1342 14 1355 ’
63 1327 225 1405 λθπάντας
246 1330 392 1405 ἐπιεικῶς
421 1327 667 1415 όπεραίροντες·
711 1327 893 1417 ἐνενήκοντα
914 1328 973 1414 γόρ
1008 1327 1064 1394 καί
1081 1329 1138 1394 δύο
1160 1352 1211 1414 γε-

101 1427 177 1505 νεός
207 1432 439 1515 εὐημεροῦντες
469 1427 548 1495 κατά
578 1428 612 1494 τό
640 1435 772 1516 συνεχὲς
794 1429 887 1521 κατά
917 1428 1043 1497 πόντων
1066 1424 1152 1514 εἶχον
1172 1427 1209 1496 τό

100 1529 279 1614 νικητήρια,
299 1530 435 1614 μηδενός
451 1533 736 1619 Ιἀνδαμιλληθήναι
757 1532 935 1615 δυναμένου
955 1535 1011 1597 καί
1033 1536 1212 1619 συγκραθή-

101 1656 155 1696 ναι
175 1633 219 1719 τῷ
241 1634 322 1714 γένει
345 1634 407 1695 τῶν
431 1626 594 1698 Φωκάδων
615 1633 697 1719 όπέρ
720 1624 858 1715 ἀνδρίας
877 1626 898 1717 δή
921 1634 1142 1717 ἀνδραγαθίας
1163 1658 1211 1699 τι.

101 1733 158 1809 νός
188 1727 209 1817 ή
233 1732 389 1808 ὑπατείας
418 1737 568 1819 μεγίστης
602 1738 659 1799 καί
677 1737 871 1820 στρατηγίας
898 1733 1087 1820 ἐπιφανοῦς,
1125 1734 1156 1799 εἰ
1177 1736 1212 1799 δέ

63 1849 92 1902 15
101 1856 152 1911 τις
180 1835 360 1917 ἀνοδράμον
381 1833 460 1919 πρός
483 1834 622 1920 τὴντῶν
644 1835 827 1920 ἐνενήκοντα
857 1840 917 1902 καί·
933 1833 992 1900 δόο
1015 1836 1127 1919 γενεῶν
1149 1836 1212 1923 ἀρ-

101 1934 167 2021 χήν
190 1933 246 1998 καί
267 1932 427 2021 ἀκρότητα
461 1940 573 2020 (μέχρι
595 1936 738 2020 yde-rori
757 1940 812 2020 τῆς
843 1938 994 2019 ἀοιδίμου
1015 1934 1131 2020 λήξεως
1148 1943 1213 2020 βα-

103 2040 222 2111 σιλέως
243 2038 355 2121 κυρίου
377 2038 568 2124 Νικηφόρον
591 2042 648 2103 τοῦ
673 2041 773 2103 Φωκά
800 2035 835 2104 τό
860 2035 958 2102 ποσόν
977 2042 1040 2103 τῶν
1060 2036 1211 2104 τοιούτων

103 2140 346 2224 συνεψηφίζετο
367 2142 517 2225 γενεῶν),
542 2138 672 2223 εόρήοει
695 2143 908 2223 κατηγμένους
929 2138 1046 2214 αότοός
1068 2129 1131 2201 ἀπό
1155 2140 1226 2203 rori*

104 2239 327 2324 τρισμάκαρος
361 2234 576 2322 καίμεγόλον
598 2243 861 2321 Κωνσταντίνου,
892 2234 953 2304 τοό
972 2236 1096 2305 πόντων
1116 2242 1213 2319 βασι-

63 2344 189 2411 totam
207 2340 379 2425 ὑπέρτερον
399 2342 568 2426 ἐσχηκότος
583 2343 700 2435 ηρότος
722 2342 756 2405 ἐν
785 2340 961 2426 ὑπεροχαῖς
984 2334 1213 2424 ἀγωνισμάτων

102 2444 286 2524 πολεμικῶν
310 2443 365 2506 κατ’
383 2443 440 2506 τοό
461 2437 541 2526 όπέρ
563 2445 618 2528 τῆς
642 2444 807 2524 εόσεβείας
827 2442 936 2526 ζήλου,
958 2439 1000 2517 ῶς
1023 2443 1078 2507 καί
1097 2437 1212 2506 ιὀαπό-

102 2552 221 2610 στολου
250 2546 439 2627 λογισθῆναι
467 2543 523 2608 καί
548 2547 604 2628 τής
634 2544 836 2628 Χριστιανῶν
863 2539 1037 2624 ἀμωμήτου
1077 2541 1211 2616 πίστεως

103 2646 247 2732 κρηπῖδα
269 2649 457 2731 τελεσθῆναι
478 2650 534 2711 κατ’
553 2644 715 2731 πρόβολον.
758 2633 849 2720 οὗτος
867 2641 929 2728 γάρ
952 2639 1014 2706 ἀπό
1036 2645 1091 2727 τῆς
1111 2664 1210 2728 πρεσ-

105 2955 145 3005 ita
164 2959 301 3020 utreque
327 2951 372 3003 hie
390 2951 603 3020 dignus-fuerit,
623 2951 668 3020 qui
686 2950 801 3003 maiores
826 2949 894 3003 aiios
918 2948 1031 3002 heberet
1048 2953 1128 3018 atque
1146 2939 1209 3002 illos
1301 2962 1306 2972 ¹

104 3023 201 3087 solos,
220 3038 309 3092 neque
328 3023 388 3088 illi,
408 3024 453 3092 qui
473 3031 630 3093 prognatum
650 3021 730 3075 alium
749 3022 878 3074 haberent
896 3036 927 3072 ae
946 3037 1024 3090 quern
1042 3035 1114 3072 nune
1133 3018 1209 3072 cele.

103 3096 237 3148 bromus:
258 3095 284 3146 id
302 3097 373 3162 quod
391 3096 460 3149 bene
488 3096 623 3148 convenit.

211 3174 322 3236 Generis
342 3185 424 3252 igitur
441 3187 501 3244 ⁴eius
521 3200 643 3252 suprema
663 3191 689 3234 et
705 3183 790 3250 prima
809 3189 903 3234 catena
923 3196 957 3232 ex
974 3180 1140 3232 Phoeadibus
1153 3173 1208 3232 iltis
1233 3178 1237 3186 '

105 3258 180 3320 exit,
201 3269 312 3323 quorum
332 3255 419 3324 gloria
437 3256 491 3308 lata
509 3258 536 3307 in
556 3257 627 3307 omni
655 3263 725 3306 terra
742 3262 822 3321 atque
841 3254 907 3303 mari
927 3258 968 3305 est
987 3251 1160 3319 pervulgata:
1180 3250 1208 3302 hi

104 3330 178 3380 enim
196 3327 282 3394 magis
298 3328 395 3379 ceteris
415 3329 561 3395 potentiam
580 3328 607 3377 in
620 3328 712 3394 regnis
731 3325 781 3377 sibi
802 3332 1032 3390 comparaverant,
1043 3323 1162 3392 impertis
1182 3329 1209 3373 et

104 3397 203 3467 populi
222 3398 417 3467 gubernatione
438 3407 464 3450 et
483 3398 556 3452 virili
576 3414 653 3450 manu
674 3405 700 3448 et
719 3397 827 3465 generis
860 3395 1004 3463 splendore
1029 3409 1121 3446 ornnes
1150 3392 1208 3444 iere

103 3477 279 3536 superantes:
307 3485 355 3536 per
381 3472 527 3539 nonaginta
546 3471 616 3521 euim
635 3477 670 3526 et
680 3469 744 3520 duas
764 3476 865 3520 aetates
895 3466 990 3518 felices
1008 3474 1156 3534 perpetuo,
1175 3464 1208 3515 de

103 3541 230 3593 omnibus
250 3541 422 3608 reportabant
440 3550 560 3610 tropaea,
591 3558 649 3592 cum
677 3554 756 3592 nemo
777 3542 905 3592 resistere
924 3547 1016 3606 posset
1046 3545 1072 3588 et
1097 3551 1208 3603 coropa-

102 3613 160 3665 rnri
179 3613 275 3680 generi
296 3611 447 3665 Phoeadum
466 3615 498 3664 de
517 3615 616 3665 virtute
636 3612 682 3664 vel
700 3611 857 3664 fortitudine
876 3610 922 3663 vel
948 3610 1078 3678 dignitate
1096 3609 1209 3659 maxima

105 3692 133 3736 et
155 3684 269 3749 imperio
289 3683 396 3750 amplo:
415 3686 438 3736 si
457 3687 516 3752 quis
535 3691 622 3736 autem
642 3685 767 3737 ascendat
786 3684 817 3736 ad
836 3683 994 3750 principium
1020 3688 1047 3732 et
1074 3679 1208 3748 fastigium

104 3762 225 3807 aetatum
244 3756 391 3824 nonaginta
409 3756 519 3809 duarum
537 3761 637 3825 (usque
670 3757 740 3808 euim
768 3755 801 3806 ad
827 3770 920 3823 regem
947 3753 1101 3806 venerando
1130 3751 1208 3801 modo

104 3826 271 3890 defunctum,
290 3828 424 3878 dominum
441 3827 631 3896 Nicephorum,
650 3828 733 3879 filium
755 3826 861 3878 Phoeae
886 3832 926 3877 tot
956 3834 1057 3878 aetates
1083 3837 1208 3874 numera.

103 3899 229 3968 bantur),
248 3899 371 3949 inveniet
390 3913 438 3951 eos
457 3898 584 3952 deductos
605 3915 621 3949 a
638 3908 680 3950 ter
699 3899 778 3950 beato
799 3906 825 3949 et
843 3911 939 3966 magno
960 3895 1207 3962 consentirent

104 3971 275 4036 superiorem
295 3980 483 4037 quam'omnes
503 3987 583 4040 reges
602 3970 694 4022 habuit
712 3970 859 4036 potentiam
870 3969 898 4018 in
912 3968 1063 4034 principatu
1082 3965 1208 4016 certami.

104 4057 170 4093 num
192 4041 353 4092 bellicorum
373 4049 399 4093 et
417 4043 497 4093 studii
515 4044 633 4110 pietatis,
653 4043 690 4092 ita
708 4048 738 4090 ut
758 4041 835 4090 etiam
854 4035 970 4106 apostoli
989 4039 1073 4090 instar
1091 4035 1207 4088 habere·

105 4121 151 4164 tur
171 4120 198 4163 et
215 4113 338 4167 sincerae
358 4113 554 4168 chistiauoruru
573 4114 635 4167 fidei
656 4113 854 4165 fundamentum
873 4109 951 4161 fieret
976 4117 1002 4160 et
1019 4123 1118 4161 murus.
1163 4107 1207 4158 hie

106 4183 181 4236 enirn
200 4201 233 4240 ex
251 4194 346 4239 vetere
364 4185 448 4243 Roma
466 4187 630 4245 transferens
648 4199 759 4254 regnunt
778 4181 945 4250 Byzantium,
966 4198 1000 4238 ex
1018 4195 1071 4251 quo
1096 4179 1205 4236 Maxen-
