2967 4825
386 278 409 310 ³¹
452 305 455 318 ·
486 292 490 304 '
524 276 736 349 mom
1036 304 1039 316 ¹
1101 278 1172 357 m

92 435 183 501 naim
202 435 431 554 δεδυνιρμίνους
451 439 532 521 μήτε
545 437 662 521 λόχους
684 440 833 561 sce-⁴666,
854 438 934 528 μήτε
955 444 1081 564 πολέμῳ
1104 446 1177 530 δρι

93 543 144 616 μετ
157 542 258 618 κρίναι
278 532 313 613 τό
334 539 396 599 πᾶν
419 539 714 627 ου’θυφρονσυντας,
731 541 812 626 μήτε
830 540 985 667 δυνάμεις
1001 546 1065 609 τόν
1086 549 1178 611 ἐναν-
1271 583 1277 601 ι

92 639 248 717 τιιομίνων
276 636 388 713 αότοῖς
416 639 655 729 διακρίναντας,
683 643 758 707 ἄλλ’
787 639 836 709 ἔνι’
856 644 963 711 κανόνι
990 648 1178 765 χρωμένους

92 734 162 819 πρός
182 728 333 815 ίίπαντας,
356 736 434 814 τοός
451 741 485 805 ’τε
509 739 746 819 δυνατωτάτους
775 746 839 811 τῶν
860 748 1008 811 ἐναντίων
1028 750 1084 811 καί
1103 745 1179 823 τούς
1269 731 1273 737 ’

71 840 236 961 οχλισχρυς
264 862 320 904 ιιαι
349 834 542 963 ἧχεμονιμοῑς
571 839 629 908 εἴτ’
650 835 709 910 οὖν
729 849 931 931 ταπαρχικός
962 844 1104 930 ἔχοντας,
1145 852 1182 915 τί

90 936 143 1021 χόρ
170 928 209 1023 ἦν
235 938 308 1005 τότε
336 945 407 1019 δίας
426 940 505 1029 πρὸς
534 942 591 1009 τόν
621 946 678 1011 rori
700 943 862 1013 Χόλεα“
843 948 980 1031 ηχεμόνα
1007 950 1053 1023 εἰς
1075 946 1110 1013 τό
1130 945 1233 1033 μὴ

91 1037 208 1111 δεόκοιν
229 1040 327 1108 αδτόν
347 1038 494 1128 ἀκρατοῦς
514 1044 595 1128 μετό
614 1045 679 1130 τήν
691 1049 821 1133 τροπήν,
843 1049 1178 1135 ὀπισθοφυλακοῦντας

91 1144 140 1205 τοῦ
157 1146 311 1223 βασιλέως
338 1141 420 1225 μοτό
442 1147 497 1228 τῆς
519 1149 630 1230 λοιπῆς
650 1150 708 1212 τοό
730 1153 869 1231 στρατοῦ
890 1152 1024 1235 μοίρας,
1044 1150 1098 1215 καί
1118 1174 1178 1216 κα-

91 1240 170 1306 τόαιν
190 1239 369 1327 ἐπιτρέπειν
397 1243 456 1329 ’τόν
486 1244 689 1331 παρεμβολὴν
721 1246 855 1315 ἕπεσθαι
888 1254 1003 1333 με’χρις
1030 1246 1105 1323 droa
1124 1256 1180 1318 καί

59 1346 128 1435 ιοτῷ
141 1342 251 1411 Χόλεπ
272 1348 447 1432 ἐνόστησαν
466 1352 521 1412 καί
541 1350 615 1425 τοὺς
635 1347 724 1414 ἔνδον
745 1355 787 1437 τρλ
809 1353 900 1440 φόβῳ
921 1336 1105 1420 κατέσεισαν
1124 1354 1180 1419 καί

90 1446 140 1531 τὴν
165 1448 255 1511 πόλιν
275 1442 384 1512 αότῶν
413 1447 670 1570 παραρτήσαντα,
692 1451 765 1525 τοός
792 1455 919 1571 πλοίους
939 1456 1002 1519 τοῖν
1022 1478 1180 1538 στρατιω-

59 1552 146 1612 τόν
162 1550 196 1611 ἐν
215 1549 253 1635 τῇ
273 1552 361 1635 φυγῇ
384 1550 633 1671 κατακόψαντες
677 1551 786 1628 καθώς
808 1552 870 1637 μάρ
892 1560 946 1621 καί
965 1553 1099 1639 ὕστερον
1118 1581 1179 1639 66-

90 1644 317 1773 μαθήιιαμεν,“
299 1673 347 1713 οτι
370 1651 425 1713 καί
446 1650 540 1714 ου’τσί
561 1673 591 1715 οι
612 1674 670 1715 του
657 1652 805 1719 Χόλεπ
828 1651 1118 1737 καραδοκοῦντες
1098 1682 1179 1743 ησαν

90 1750 137 1835 ἐφ’
156 1741 181 1841 ᾧ
208 1748 266 1836 τήν
299 1749 389 1817 πόλιν
410 1753 518 1816 ου’ταῖν
546 1747 694 1843 ὁμολογία
724 1760 780 1819 καί
805 1752 980 1841 συνθήκαις
1008 1760 1180 1843 α’φεοιμοις

59 1855 283 1934 15πιιραδοῦναι
303 1877 347 1941 erp
368 1856 541 1941 βασιλεῖ’
525 1859 652 1972 επείπερ
674 1854 729 1920 καί
755 1852 772 1939 ἦ
795 1857 903 1941 νεότης
923 1856 1042 1923 τοότων
1046 1863 1181 1921 παθεῖν

90 1950 189 2031 ἔμελλε
210 1955 322 2036 πόσα,
352 1977 382 2017 ει
373 1954 522 2038 ’προέβη
544 1952 582 2018 τό
608 1956 662 2037 τῆς
683 1954 830 2033 διώξεως.
884 1949 1022 2055 ἤλαυνον
1043 1956 1106 2043 χόρ
1127 1954 1183 2021 καί

89 2054 173 2117 αίτσί
192 2056 305 2141 πεζικῇ
326 2051 505 2172 παρατάξει
524 2053 580 2118 διό
603 2079 662 2138 τνν
683 2057 798 2120 ἐλπίδα
819 2060 877 2121 τοῦ
898 2056 1008 2139 πριόην
1028 2062 1090 2123 τῶν
1111 2060 1180 2123 Σα-

90 2156 223 2237 mser
252 2152 507 2240 προτερήματος,
536 2149 618 2221 όστε
639 2152 694 2221 τόν
720 2157 852 2241 χάρακα
875 2162 940 2223 τῶν
957 2157 1124 2240 Ῥωμαίων
1148 2160 1182 2235 ἐξ

89 2259 253 2332 ἐπιθέσεως
274 2252 421 2339 αἱρήσειν
429 2258 616 2340 πολεμικῆς.
657 2260 715 2322 νόν
737 2259 774 2323 δὲ
787 2260 829 2346 τῷ
848 2260 1020 2348 ἀδιακρίτῳ
1041 2262 1098 2342 τῆς
1118 2260 1182 2323 τεόν
1243 2314 1245 2319 .

57 2354 246 2440 ναίρχόντιαν
275 2356 441 2482 ἡγεμονίας
463 2356 519 2423 καί
538 2360 591 2443 τῆς
611 2356 720 2423 αὐτῶν
748 2360 859 2443 ἰσχόος
886 2364 948 2426 τῶν
962 2360 1130 2443 Ρωμαίων
1150 2355 1182 2429 οἱ

88 2462 221 2538 βασιλεῖς
242 2462 299 2524 καί
316 2458 463 2555 ἡγεμόνες
483 2463 624 2543 ἰσχυραῖς
645 2463 864 2546 συνεχόμενοι,
888 2460 945 2537 τός
961 2487 995 2530 τε
1015 2465 1105 2537 νικας
1122 2462 1182 2526 αδ

90 2562 144 2624 τῶν
166 2564 211 2637 εἰς
230 2559 348 2644 α’χενὲς
377 2549 617 2646 περιστέλλουσι
648 2564 772 2646 πέρας,
799 2565 854 2627 καί
874 2561 950 2639 τούς
972 2562 1114 2648 ε’χθροός
1136 2551 1182 2639 δίς

90 2654 213 2748 αὔχημα
243 2665 388 2745 μεζσΓ
371 2665 575 2748 επαίρουοιν,
603 2661 637 2728 σί
654 2688 707 2728 και
728 2662 909 2749 κυριαρχὴν
938 2661 971 2729 ἐν
991 2671 1062 2740 ταῖς
1080 2663 1183 2740 νίκαις

153 2859 196 2913 23.
215 2857 405 2931 κυριαρχεῖνλ

92 3037 204 3093 valentes
222 3055 312 3109 neque
332 3033 466 3092 centurias
486 3042 659 3104 constituere,
678 3055 767 3108 neque
786 3041 858 3092 bello
869 3043 925 3093 acri
941 3042 1087 3094 decernere
1098 3043 1186 3094 ornnia

91 3112 170 3163 animo
188 3113 394 3177 contendentes,
416 3127 505 3180 neque
523 3113 596 3164 vires
615 3115 800 3178 oppositorum
813 3112 863 3164 sibi
873 3114 1058 3177 diiudicantes‚
1077 3115 1186 3166 seduna

92 3184 120 3233 ad
142 3199 233 3236 omnes
263 3192 368 3235 utentes
395 3185 499 3252 regula,
526 3192 553 3234 et
577 3184 609 3247 ud
628 3185 828 3250 potentissimos
848 3184 964 3236 bostium
985 3186 1186 3252 etadeos,qai

93 3262 179 3308 tenues
199 3264 227 3308 et
245 3255 294 3308 sub
313 3257 381 3308 duce
400 3257 459 3309 sive
477 3257 532 3308 loci
551 3257 672 3323 principe
691 3262 761 3308 suut.
800 3256 844 3323 qui
864 3257 934 3307 enirn
954 3264 1011 3307 erat
1028 3264 1082 3308 trun
1101 3265 1186 3307 metus

91 3342 122 3376 ue
139 3327 253 3393 Gbalepi
272 3328 364 3380 ducem
383 3335 609 3396 persequerentur
627 3329 685 3380 sine
703 3327 863 3380 remissione
882 3335 942 3394 post
961 3326 1125 3396 fugamrege
1140 3327 1186 3379 ul.

92 3400 163 3450 tineos
175 3400 291 3452 ducente
305 3415 364 3450 curn
382 3399 488 3468 reliqua
502 3401 635 3452 exercitus
646 3407 730 3466 parte,
752 3407 778 3449 et
796 3398 967 3451 adverterent
982 3407 1082 3466 etergo
1101 3406 1187 3450 castra

92 3471 121 3521 ad
136 3471 301 3539 sequendum
321 3471 407 3522 donec
426 3471 470 3525 vel
498 3471 618 3537 Girnlepo
643 3473 774 3522 instarent
801 3478 827 3521 et
852 3472 923 3522 intus
949 3476 1087 3523 versantes
1114 3477 1186 3520 metu

92 3551 259 3607 percuterent
278 3552 305 3595 et
323 3543 415 3594 urbem
435 3558 528 3594 eorum
546 3542 710 3594 subiicerent
728 3541 842 3593 maxima
860 3541 973 3594 militum
992 3549 1067 3609 parte
1086 3542 1114 3592 in
1124 3541 1188 3609 iuga

93 3615 184 3668 occisa.
213 3622 244 3666 ut
262 3615 341 3666 etiam
359 3622 453 3682 postea
478 3613 637 3677 audivimus,
657 3622 685 3668 et
702 3615 776 3680 ipsos
796 3612 908 3680 Chalepi
927 3613 1028 3666 incolas
1048 3613 1187 3667 insidiatos
1260 3645 1262 3650 -

94 3701 165 3750 esse,
189 3694 220 3738 ut
243 3685 335 3736 urbem
360 3701 433 3738 suam
458 3685 639 3737 conventione
664 3693 692 3736 et
716 3685 854 3751 promissis
879 3684 1030 3738 librationis
1054 3684 1189 3736 traderent

92 3759 155 3823 regi,
174 3758 299 3841 quoniam
319 3757 398 3809 etiarn
416 3760 541 3810 iuventus
561 3757 653 3808 borum
672 3759 728 3839 pati
747 3755 861 3808 debebat
880 3758 963 3808 omnis
989 3759 1012 3808 si
1031 3756 1191 3823 procederet

94 3830 250 3893 persecutio.
288 3829 525 3913 proficiscebantur
544 3830 614 3880 enirn
634 3829 730 3892 stipsi
749 3827 866 3892 pedestri
884 3830 1062 3894 aeiepropter
1074 3827 1189 3894 priorem

94 3893 281 3952 Saracenorbm
301 3901 440 3952 victoriam
458 3907 607 3968 sperantes,
627 3915 657 3950 se
677 3897 777 3949 vallum
798 3898 958 3952 Graecorum
978 3900 1078 3965 impetn
1094 3907 1190 3964 captu-

95 3985 135 4022 ros
154 3988 214 4025 esse
233 3971 344 4024 bellico
381 3988 452 4024 nunc
471 3981 558 4024 autern
579 3970 795 4022 incertitudine
789 3971 894 4035 rrnperii
913 3970 1062 4036 principum
1089 3978 1115 4021 et
1132 3970 1191 4026 λυτ-

95 4042 238 4096 titndiuis'
231 4058 348 4110 ipsorum
361 4045 521 4097 Graecorum
539 4041 619 4111 reges
640 4049 666 4092 et
683 4041 765 4092 duces
784 4041 882 4092 retenti
903 4048 929 4090 et
948 4041 1075 4098 victorias
1094 4043 1192 4096 suntin

94 4113 239 4180 ignobilem
258 4124 366 4168 vertunt
384 4117 462 4168 finem
480 4123 509 4166 et
531 4115 622 4169 hostes
642 4114 675 4166 ad
691 4113 819 4163 maiorem
838 4110 938 4164 tollunt
957 4114 1126 4179 iactantiam,
1143 4113 1192 4182 poi

92 4187 170 4244 etiarn
188 4188 365 4256 principatum
384 4189 413 4240 in
437 4187 561 4241 victoriis
584 4186 715 4239 contiuua
742 4184 934 4276 persecutione
962 4201 1017 4240 non
1040 4192 1208 4258 spectum,

169 4431 183 4458 ἢ
