2967 4825
578 214 787 314 aaronis.
889 293 896 311 .

123 402 177 472 τύν
200 403 339 489 ἔλεγχον.
382 408 431 471 διὸ
453 405 525 477 κατ’,
547 412 602 492 τῆς
632 410 805 494 ἀρχαγγολι
849 436 863 455 ³

123 510 293 593 νοέμβριον
315 508 498 593 ἐγγιζούσης
526 516 716 596 παρεγένετο
748 510 830 597 πρὸς
850 511 907 598 τήν
930 510 965 577 ἐκ
984 511 1118 599 βάθρων
1138 516 1227 598 ἀγοριι

126 614 240 675 θεῖσαν
263 616 340 693 παρ’
363 611 468 675 αύτού
487 613 585 698 μονήν
607 612 624 677 ὃ
651 613 851 701 πατριάρχης
872 611 980 682 ούτοσί
998 616 1150 703 Μιχαήλ,
1170 619 1225 683 κατ’

121 713 187 775 τάν
210 713 385 796 περιβόλων
418 715 476 778 τοῦ
495 712 635 797 μεγάλου
665 719 719 781 καί
739 713 929 802 ἀπορθήτου
956 721 1015 782 καλ
1034 720 1226 785 sauciatos

98 816 317 894 5πολίσματος
338 810 399 893 ἔξω
420 817 585 899 γενόμενος
605 820 667 882 τοῖν
700 819 757 900 τής
778 813 890 903 ἑορτής
911 824 1086 904 φιλοτιμως
1105 816 1226 907 ἐφρόν-

121 916 189 991 τιζε
210 910 290 980 κοινοὶ
315 913 353 981 τοὶ
374 908 506 1000 ἑσπέρια
527 922 609 1003 μέρη
631 922 686 1003 τής
709 918 839 995 πόλεως.
860 919 876 983 ὁ
897 922 933 984 δὲ
951 920 1105 1003 βασιλεύς
1127 917 1226 1005 dada«

120 1013 176 1099 τήν
196 1016 372 1101 σκαιωρίαν
400 1021 456 1083 καί
482 1016 540 1102 τήν
572 1018 738 1105 ῥομφαίαν
766 1022 911 1101 ἔστιλβον
937 1022 993 1085 κατ’
1012 1018 1068 1087 τὸν
1088 1024 1226 1103 &adopto-

120 1119 243 1199 χούντα
271 1113 378 1199 θυμὸν
405 1126 472 1193 τοῖς
500 1108 659 1203 ἐγγίζουσι
685 1120 912 1205 παρεγύμνου·
968 1120 1023 1186 καί
1046 1127 1226 1212 προπέμπω

121 1221 184 1283 τῶν
207 1215 277 1283 τινὰ
304 1222 426 1285 οἰκείων
459 1216 502 1296 ode
529 1210 690 1305 ἱερατικὸν
724 1219 974 1308 συνομιλήσοντιι
1003 1228 1049 1313 τῷ
1079 1225 1231 1308 ἀρχιερεῖ

79 1322 198 1404 10πωί
218 1322 311 1386 τινῶν
332 1319 433 1405 τυχὸν
454 1323 659 1409 ἀπορρήτων,
681 1327 739 1412 καί,
756 1324 811 1389 τὸν
831 1321 943 1408 καιρὸν
963 1329 1017 1409 τής
1038 1332 1107 1391 κατ’
1128 1324 1226 1398 adada

121 1423 265 1503 σκέψεως
289 1428 344 1487 καί
364 1427 419 1508 τής
438 1423 544 1511 φήμης
576 1422 677 1513 τούτῳ
703 1414 957 1509 ἀποτοιχίσοντα.
1000 1424 1055 1491 κατ’
1073 1429 1128 1511 τής
1151 1428 1226 1489 διιο-

121 1526 234 1604 λέξοως
253 1524 418 1609 γινομένης
439 1527 644 1608 ἐπικατύλαβε
671 1524 793 1611 πλῆθος
812 1530 1016 1613 στρατιωτόν
1036 1522 1145 1603 ἀπλοις
1167 1551 1227 1593 κτι-

121 1618 329 1709 τάφρακτον,
357 1624 412 1689 καὶ
433 1632 659 1712 περιχυθέντες
681 1626 882 1715 πανταχόθεν
910 1629 996 1717 αύτῷ
1021 1622 1225 1712 dvalamma

122 1726 158 1789 ἐκ
177 1728 235 1789 τοῦ
257 1724 383 1810 θρόνον.
410 1730 519 1793 τοῦτον
541 1719 865 1815 dispuntantem.
916 1730 973 1796 ποκ’
991 1729 1111 1818 ήμιύνιρ
1131 1733 1225 1795 κυαθί-

78 1836 111 1888 15
122 1848 232 1905 σανοος
253 1828 452 1913 συνήλαυνον
473 1820 552 1914 ύχρι
573 1834 628 1913 τής
649 1834 682 1897 ἐν
705 1836 908 1916 Βλαχέρναις
927 1826 1044 1916 ἀκτῆς·
1067 1830 1124 1896 καὶ
1143 1853 1226 1913 προ·
1268 1846 1272 1851 ’

116 1922 305 2013 στύγματος
326 1930 545 2007 καταπιόντος
564 1936 733 2014 βασιλικοῦ
754 1928 803 1997 ἔνι’
819 1934 883 1999 τάν
894 1933 1021 2013 λέμβων
1038 1934 1223 2009 σπουδαίως

116 2030 293 2113 ἐπήλυτον,
315 2030 371 2095 καί
390 2026 558 2119 ὑπερόριος
579 2036 641 2097 τῶν
667 2031 862 2099 ἀδικούντων
887 2032 969 2116 τύχα
992 2030 1222 2116 inspectari

116 2129 340 2217 ποιμενάρχης
369 2134 497 2215 γίνεται.
548 2130 703 2210 ἀσαύτως
730 2136 767 2199 δὲ
789 2131 845 2198 κοιλ
872 2131 954 2199 adad
977 2136 1034 2199 τού
1053 2135 1164 2219 γένους
1182 2131 1220 2199 rol

33 2220 42 2237 '
121 2230 261 2317 φιλταοα
281 2238 336 2318 ιής
358 2233 470 2315 ὁμοίας
488 2232 695 2317 ἀπογεύονται
715 2232 824 2318 τύχης.

69 2344 109 2401 20
224 2334 323 2420 Φέρει
341 2336 377 2399 δὲ
395 2336 541 2401 τοσοῦτον
561 2334 595 2399 τὸ
619 2334 722 2413 πάθος
742 2336 760 2400 ὅ
782 2335 861 2421 ἀνήρ
882 2341 1094 2422 μικροψύχως
1111 2331 1134 2421 ή
1145 2340 1223 2421 ἀγυ-

122 2440 208 2518 νάς,
240 2435 295 2503 καί
315 2442 478 2504 κατέσεισε
500 2435 558 2523 τήν
578 2441 683 2504 πύστιν
705 2440 806 2504 αύτού
826 2438 862 2504 τὸ
884 2442 941 2522 τής
973 2439 1123 2514 ἀπιστίας
1144 2439 1223 2523 πρὸς

124 2534 228 2604 aazia
247 2541 306 2604 τού
323 2536 548 2621 βασιλεύοντος
563 2541 723 2632 τόλμημα,·
751 2541 791 2604 ου’
810 2542 869 2622 μὲν
885 2531 958 2622 edas
974 2539 1043 2606 ἀλλ’
1069 2537 1223 2624 ιύψύχως

119 2637 211 2722 μύλα
235 2639 290 2706 καὶ
312 2643 463 2726 ιύγτνάς,
486 2644 540 2708 καί
562 2645 600 2730 τῇ
621 2648 770 2732 καρτεράηι
801 2640 858 2708 τὸν
878 2633 953 2726 ’lolli
974 2643 1077 2731 πολλῷ
1100 2643 1144 2728 τῷ
1163 2663 1223 2706 πο-

194 2820 221 2873 5
239 2819 464 2924 πνλίσματαςῦ

121 2969 231 3036 tollere,
251 2979 278 3023 et
296 2971 347 3023 hoc
365 2973 443 3024 modo
464 2971 583 3042 effugere
599 2970 808 3040 inquisitionem.
846 2936 1015 3038 quamobrem
1035 2969 1114 3023 etiam
1132 2965 1223 3023 arc'hi

123 3043 216 3126 angeli
235 3044 279 3095 die
299 3044 367 3097 festo
387 3045 459 3095 circa
477 3060 595 3098 mensem
609 3041 783 3094 novembrem
800 3043 925 3107 instante,
944 3043 1058 3095 accessit
1078 3043 1110 3094 ad
1128 3059 1223 3097 mona-

121 3116 233 3167 sterium
252 3132 267 3166 a
286 3132 315 3168 se
335 3133 349 3167 e
370 3115 547 3169 fundamentis
567 3122 684 3166 erectum
709 3114 885 3180 patriarcha
884 3115 928 3164 hic
946 3113 1070 3177 michael,
1102 3123 1129 3166 et
1145 3130 1223 3166 moe.
1285 3113 1288 3118 ’

119 3187 200 3238 nibus
219 3203 330 3256 magnae
351 3196 378 3238 et
396 3187 549 3242 indelebilis
570 3194 596 3238 et
614 3203 629 3237 a
648 3185 698 3237 deo
718 3185 805 3236 factae
824 3187 898 3237 urbis
926 3201 1060 3254 egressus,
1079 3201 1122 3238 res
1141 3186 1222 3241 testas

121 3259 241 3311 'studiose
262 3260 395 3311 curabat'
388 3276 415 3310 m
435 3258 645 3312 occidentalibus
674 3257 746 3308 urhis
765 3257 893 3322 partibus.
936 3273 985 3308 rex
1003 3265 1090 3308 autem
1110 3257 1223 3310 acuebat

120 3330 223 3381 dolum.
231 3339 257 3381 et
276 3331 391 3399 gladium
419 3331 585 3399 splendidum
605 3329 732 3393 faciebat,
754 3337 780 3378 et
804 3330 935 3389 internum
962 3329 1075 3379 animum
1095 3329 1222 3394 proximis

119 3393 279 3468 denudabat,
301 3411 326 3454 et
346 3405 441 3455 emittit
466 3405 596 3472 quondam
621 3400 790 3452 familiarium
817 3401 862 3469 qui
881 3408 910 3451 ut
928 3401 1052 3452 sacerdos
1071 3414 1222 3467 proseque-

118 3482 195 3524 retur
213 3475 365 3541 pontificem
391 3475 530 3526 maximum
562 3482 671 3543 propter
695 3473 821 3541 quaedam
846 3473 973 3538 mysteria
999 3480 1026 3522 et
1053 3471 1222 3522 occasionem

119 3547 293 3612 cogitationis
315 3555 341 3597 et
360 3547 445 3599 famae
466 3547 528 3598 hnic
547 3546 717 3608 occluderet;
743 3552 770 3595 et
788 3543 926 3612 colloquio
947 3543 1017 3600 facto
1032 3543 1083 3596 sibi
1102 3544 1223 3594 adiunxit

118 3616 315 3670 multitudinem
343 3617 455 3669 militum
480 3620 558 3671 armis
579 3619 700 3680 cinctam,
728 3623 756 3666 et
774 3615 926 3668 circumfusi
946 3617 1063 3683 undique
1083 3615 1107 3666 ei
1127 3630 1221 3669 corre.

118 3697 193 3755 ptum
220 3706 235 3740 e
259 3690 356 3742 throno
383 3689 453 3740 hune
479 3691 593 3757 turpiter
620 3688 737 3752 tollunt,
765 3697 791 3739 et
814 3687 886 3739 mulo
904 3688 1073 3753 imponentes
1091 3686 1223 3738 ducebant
1320 3697 1326 3707 ⁶

119 3776 182 3810 eum
201 3777 286 3830 usque
305 3763 336 3813 ad
355 3761 418 3813 litus
438 3761 661 3824 Blachernarnm,
681 3767 708 3810 et
734 3776 767 3811 ex
784 3761 859 3811 iussu
876 3760 953 3826 regio
972 3761 1019 3810 uni
1037 3757 1144 3811 lintrum
1160 3765 1221 3809 stu-

117 3833 197 3884 diose
215 3835 359 3901 imponitur
379 3841 406 3884 et
425 3833 500 3886 exsul
519 3849 568 3902 pro
582 3834 681 3885 iniuste
695 3831 854 3884 iacientibus
870 3830 984 3898 loquens
995 3837 1130 3898 pastorum
1145 3843 1221 3882 sum.

69 3913 83 3920 ’
117 3919 177 3955 mus
197 3906 240 3957 lit:
262 3907 354 3957 eodem
372 3913 461 3956 autem
480 3908 557 3959 modo
578 3905 657 3958 etiam
676 3905 735 3970 ipsa
752 3905 860 3972 generis
885 3904 998 3954 maxime
1015 3909 1102 3953 amata
1119 3915 1221 3970 aequa.
1281 3939 1283 3942 .
1361 3941 1365 3945 .

118 3976 175 4028 lem
195 3978 335 4046 degustant
354 3977 495 4030 fortunam.

219 4049 283 4101 Fert
301 4057 388 4102 autem
407 4057 507 4101 tantum
525 4049 624 4101 malum
642 4049 685 4101 vir
703 4061 787 4116 parvo
806 4047 893 4097 animo
914 4054 941 4098 et
962 4045 1087 4115 ignobili,
1105 4052 1134 4096 et
1151 4057 1220 4094 con.

118 4121 205 4174 eusait
221 4122 278 4174 eius
297 4122 374 4173 fidem
395 4121 585 4174 infidelitatis'
579 4137 607 4172 m
626 4135 686 4172 eum
704 4120 777 4188 regis
789 4115 970 4186 inceptum?
962 4135 1041 4170 nmmo
1056 4132 1121 4171 vero
1141 4115 1221 4167 forti.

116 4192 259 4248 tetualdo
279 4201 306 4248 et
321 4193 451 4248 nobiliter
478 4202 505 4247 et
529 4193 732 4266 perseverantia
759 4205 819 4244 eum
836 4189 929 4244 lohum
951 4190 1037 4244 multo
1055 4191 1157 4243 maiore
1173 4199 1221 4238 ra·

1342 1536 1355 1562 'a
