2967 4825
541 257 752 330 ursionis.
1077 215 1078 224 Ν
1119 260 1194 340 aas

104 421 208 511 ύψιρλρῖ
227 422 281 487 ταί
304 421 382 512 θείῳ
405 426 553 509 βραχίονι
573 425 737 501 α’σπαοίοτς
759 423 814 490 καί
834 425 893 492 σύν
918 429 1017 517 πολλῇ
1033 427 1072 512 τῆ
1094 429 1197 514 stipp-

103 529 153 615 μίρ
182 529 236 591 κατ’
258 535 322 601 τοῖς
354 529 548 609 ἀλαλαγμοῖς
579 523 783 610 ύπεδέχοντο.
837 527 1073 615 μισθοφορικὸν
1106 531 1136 593 δ’
1161 531 1197 594 ἐκ

105 632 154 712 τῆς
184 631 241 692 τού
267 628 433 693 άντιθίτοο
462 617 623 709 βασιλέως
653 631 830 714 άποστολῆς
861 634 898 718 τῇ
927 627 1007 695 κατά
1035 631 1197 696 Βιθυνίαν

94 731 214 818 ’Νικαίρ
236 721 474 820 ἐπιξενούμενον
506 731 562 796 καί
590 734 769 814 συντηρούν
798 735 840 820 τῷ
871 735 1001 813 βασιλεῖ
1028 730 1082 817 τὴν
1105 731 1197 798 πόλιν

79 832 190 913 5δῆθεν
211 822 482 953 ύπερικτύπητον,
509 834 569 917 πρά
601 835 696 916 τριιύν
716 829 842 916 ἦμεράν
876 832 1044 899 καταλιπὸν
1064 833 1099 897 τύ
1124 831 1197 898 ἐπί-

104 941 199 1051 sarpta
230 934 285 995 κατ’
315 935 387 1016 τῆς
408 937 464 997 τού
499 938 684 1016 πέμψαντος
723 932 876 1024 εὐηθείας
910 932 1196 1056 κατρρχησάμενον,

100 1056 174 1112 μετα
165 1031 339 1096 δουλικοῦ
353 1038 407 1099 κατ’
426 1037 644 1118 συντάγματος
660 1061 711 1102 και
727 1039 889 1134 σχήματος
912 1035 1069 1120 duriusque
1092 1036 1194 1126 τούτῳ

101 1137 142 1221 τά
165 1137 331 1221 Κοτυαείιρ
353 1141 574 1218 προσμίξαντι.
594 1141 647 1201 κατ’
668 1136 725 1222 τὴν
748 1139 895 1203 δουλείαν
923 1133 1121 1222 ὁμολογῆσαν
1143 1161 1208 1228 ιιαις

100 1230 133 1300 τύ
153 1237 205 1319 τῆς
225 1239 361 1310 πίστεως
390 1241 625 1358 τρανυλοχῆσαν
656 1214 856 1321 ύπύδειγμα,
891 1237 1123 1362 προεπορεύετο
1144 1237 1198 1302 καί

60 1359 89 1413 10
100 1333 346 1419 προεκινδύνευε
364 1337 479 1403 τούτου
499 1338 577 1421 μετά
607 1345 669 1404 τάν
692 1340 782 1404 ἰδίων
812 1333 917 1404 ύπλοον
939 1363 1009 1402 και
1016 1337 1119 1404 ἳππων
1143 1364 1195 1404 και

97 1438 150 1521 τῆς
172 1431 269 1520 άλλης
291 1442 504 1524 παρασκευῆς.
557 1437 611 1504 διά
645 1441 812 1521 θαύματος
845 1444 873 1504 δ’
904 1437 1038 1505 ἐποιεῖτο
1073 1442 1139 1514 πτύς
1167 1435 1219 1512 οἱ,

99 1541 225 1620 θρασεῖς
249 1562 300 1603 και
322 1532 566 1620 πολεμικώτατοι
592 1547 727 1625 Τουρκοι
758 1543 909 1606 τιθασσοὶ
937 1565 990 1604 και
1013 1536 1197 1626 χειροήθεις

98 1640 247 1722 γεγόνασι,
273 1665 325 1703 και
345 1639 400 1707 τύν
422 1640 568 1708 δουλικὸν
601 1641 695 1726 ζυγὸν
719 1642 869 1708 ύπελθεΐν
892 1644 1123 1726 κατατί,θενται
1144 1666 1195 1706 και

103 1743 320 1826 περινοστοῦσι
339 1745 398 1823 μὲν
420 1739 648 1825 ἱππαζόμενοι,
671 1743 863 1831 δορυφόρων
885 1746 921 1810 δὲ
940 1740 1027 1822 τάξιν
1052 1743 1223 1828 άποπλην,

61 1861 88 1912 15
98 1844 232 1929 ρούντεςι
245 1845 317 1908 εἰσί.

195 1943 265 2009 Καί
285 1948 385 2012 ταῦτα
409 1948 468 2027 μὲν
490 1949 815 2030 ε’θουματοορχούντο
839 1951 943 2032 ’μέχρι
967 1951 1106 2023 Νικαίας
1136 1946 1195 2011 αύ·

99 2051 168 2132 τῆς,
193 2049 251 2113 τού
273 2050 548 2131 προσκυνουμένου
569 2052 703 2132 σημείου
725 2049 774 2114 ἐπ’
795 2046 928 2129 ύνύματι
945 2052 1004 2114 τού
1017 2048 1196 2135 α’ρχιστρα-

98 2149 189 2235 τήγου
218 2153 457 2235 προηγουμένου
480 2149 705 2237 πάντων,καί
732 2155 996 2239 προφυλαντικιὸς
1023 2149 1080 2227 τάς
1102 2149 1197 2228 ὁδούς

75 2248 335 2334 ιύπανοίχοντος,
369 2255 425 2316 κατ’
458 2251 515 2337 τήν
543 2255 588 2328 εἰς
615 2251 715 2318 ου’τύν
754 2257 859 2317 πίστιν
890 2256 948 2316 τού
977 2251 1326 2336 βασιλεύοντοςλ.λ25τι

58 2350 232 2439 νοστερράν
254 2352 309 2417 καί
332 2352 500 2438 άκλάνητον
524 2349 796 2441 ύπεμφαίνοντος,
821 2359 876 2423 καί
904 2351 962 2439 τὴν
984 2350 1081 2439 χάριν
1104 2348 1196 2418 διδύ-
1259 2419 1265 2437 ‚
1337 2418 1342 2429 ι

97 2481 147 2521 ναι
170 2457 360 2537 θαυμασίαν
379 2458 412 2531 ε”ξ
433 2453 534 2540 ἔργων
556 2454 848 2541 παραδεικνύοντος.
892 2460 932 2543 τῇ
954 2457 989 2520 δὲ
1011 2459 1132 2545 Νικαίᾳ
1153 2457 1196 2542 api

94 2562 224 2640 βασιλεῖ
249 2559 491 2642 προσεχχίσαντι
519 2560 634 2641 χορεία
654 2582 700 2634 τις
722 2556 912 2643 ἐναρμόνιος
934 2566 998 2634 τοϊς
1027 2560 1195 2642 ἐγχωρίοις

96 2662 229 2745 συνίστη
262 2660 317 2724 καί
338 2657 447 2745 κράτος
483 2661 657 2747 εύφρμιόις
685 2660 903 2747 ύπὲρσεμνος,
924 2657 1049 2728 πάντων
1065 2657 1195 2745 χαρμύφ

97 2785 178 2827 σννα
197 2759 343 2831 θυόντων
373 2763 428 2829 καί
444 2761 658 2850 χαριστήρια,
681 2764 736 2830 καί
757 2765 812 2847 τῆς
834 2754 993 2852 σοοτηριάς
1016 2784 1198 2849 προκηρυτε·

95 3104 199 3160 autem,
219 3096 265 3165 qui
277 3110 319 3146 ex
337 3095 454 3163 oppositi
472 3097 545 3163 regis
563 3095 691 3149 missione
709 3096 825 3148 Nicaeae
849 3095 993 3163 Bithyniae
1019 3094 1194 3148 versabantur

96 3178 121 3221 et
138 3169 198 3236 regi
217 3168 361 3222 servabant
379 3168 470 3219 urbem
489 3167 583 3219 turbae
603 3177 749 3234 expertem,
769 3176 831 3219 aute
850 3176 904 3220 tres
924 3168 981 3225 dies
1009 3164 1193 3234 relinquentes

94 3241 242 3292 mandatnm
262 3248 288 3290 et
315 3241 372 3292 eius
398 3241 452 3307 qui
470 3255 516 3290 eos
539 3240 647 3292 miserat
673 3239 837 3323 simplicitati
865 3238 1024 3291 insultantes
1049 3237 1143 3291 servili
1168 3246 1195 3291 et

95 3314 186 3366 ordine
213 3320 240 3362 et
259 3311 350 3363 habitu
369 3311 538 3363 obvenerunt
556 3312 619 3363 huic
638 3313 683 3379 qui
704 3313 823 3377 Cotyaeo
843 3328 872 3364 se
892 3312 1066 3362 coniunxerat
1088 3317 1115 3360 et
1134 3325 1194 3363 ser.

94 3386 204 3436 vitutem
214 3384 371 3450 profitentes
384 3391 410 3433 et
429 3383 490 3434 fidei
509 3391 611 3435 certum
630 3385 722 3437 dantes
740 3384 935 3446 documentum,
955 3381 1195 3450 progrediebantur

95 3464 120 3507 ct
137 3455 342 3523 propugnabant
361 3454 423 3505 huic
443 3471 501 3518 cum
521 3456 576 3507 suis
596 3458 675 3507 armis
695 3456 807 3523 etequis
828 3463 855 3505 et
874 3463 964 3506 cetero
977 3461 1113 3521 apparatu.
1142 3454 1195 3503 mi.

93 3529 184 3579 raculo
204 3536 291 3578 autem
310 3526 400 3589 fiebat,
422 3527 553 3594 quomodo
572 3529 661 3593 asperi
681 3535 708 3578 et
726 3526 927 3579 bellicosissimi
947 3526 1047 3579 Turcae
1071 3525 1149 3575 mites
1170 3532 1196 3581 et

94 3600 223 3651 mansueti
245 3599 309 3649 lacti
328 3600 381 3666 sint
410 3605 436 3648 et
460 3599 492 3651 ad
520 3600 625 3650 servitii
649 3600 740 3667 iugum
765 3598 931 3649 subeundum
958 3613 987 3650 se
1011 3597 1146 3663 deponant
1171 3602 1196 3649 et

95 3672 258 3722 circumeant
278 3671 428 3737 equitantes
450 3678 476 3720 et
494 3669 640 3721 satellitum
660 3672 780 3722 ordinem
798 3670 935 3737 impleant.
1014 3703 1017 3711 ι

191 3759 281 3825 Atque
299 3756 367 3809 baec
387 3759 492 3825 quidem
511 3758 672 3810 miraculose
694 3760 793 3811 liebaut
811 3774 896 3826 usque
915 3758 1083 3811 adllicaeam
1102 3758 1195 3823 ipsam,

94 3848 149 3882 cnm
169 3831 307 3897 adoratum
326 3832 432 3912 signum
452 3829 501 3881 sub
524 3831 632 3881 nomine
659 3832 738 3896 primi
769 3831 843 3883 ducis
870 3831 990 3913 praeiret
1022 3828 1142 3880 omnibus
1171 3837 1198 3879 et

93 3904 246 3954 canterius
265 3901 383 3967 aperiret
404 3902 512 3969 etregis
532 3902 648 3953 fidemin
659 3918 718 3958 enm
736 3902 835 3955 firmam
854 3909 881 3952 et
898 3903 1083 3953 inconcussam
1102 3905 1197 3950 oston-

93 3974 178 4059 deret,
208 3982 236 4024 et
265 3975 377 4040 gratiam
404 3973 517 4034 reddere
544 3972 726 4023 admirabilem
755 3972 899 4023 secundum
931 3972 1001 4022 lacta
1027 3977 1197 4022 monstraret.

91 4047 148 4111 regi
172 4051 260 4094 autem
269 4045 385 4095 Nicaeae
407 4044 630 4120 appropinquanti
646 4043 760 4095 chorus
763 4044 909 4095 concinnus
928 4041 1077 4093 incolarum
1097 4042 1201 4094 adstitit

94 4124 118 4166 et
135 4115 238 4166 clamor
250 4114 376 4167 laudibus
391 4122 528 4184 augustus,
548 4103 669 4168 omnibus
685 4129 761 4168 sacra
772 4115 863 4183 gaudii
877 4121 904 4166 et
915 4113 1017 4182 gratiae
1029 4112 1199 4177 iacientibus,

93 4194 119 4239 et
137 4186 235 4242 salotis
253 4187 438 4242 nuntiantibus
459 4187 546 4255 signa,
565 4188 602 4240 ita
621 4193 651 4240 ut
670 4194 698 4239 et
719 4187 771 4255 ipsi
789 4193 943 4254 stuperent
945 4184 1038 4243 hostes
1056 4190 1199 4254 arquatum
