2967 4825
472 287 477 305 ·
547 271 755 347 maroam
832 262 834 266 ’
1080 212 1083 217 ¹
1125 277 1201 362 'col

107 423 237 518 μενόλην
269 433 327 498 ούιι
355 433 524 558 ἠμβλύνθη
552 441 610 502 καὶ
634 416 885 528 βασιλικωτάτην
912 449 1107 536 προαίρεσιν,
1131 454 1199 518 ἀλλ’

107 530 255 618 clodianae
276 537 372 616 χερσί
392 559 445 598 και
468 534 763 622 μεγαλοδώροις
718 567 840 621 παντος
857 545 936 628 ὑπὲρ
959 552 1065 614 πᾶσαν
1083 550 1198 620 ἐλπίδα

106 636 239 716 ι’σχυρύς
267 635 506 722 κατεπλούτισε,
535 643 590 703 καί
611 645 790 724 φιλοτίμοις
818 641 981 724 δεξιώσεσι
1010 651 1066 715 καί
1086 651 1199 737 ρ’όγαις

104 736 359 817 μυριοταλόντοις
380 736 514 819 στρατόν
537 738 615 805 κατό
631 746 691 805 τού
709 746 929 826 α’ντικειμίνου
943 753 1118 832 Βρυεννίου
1143 761 1200 823 και

84 837 160 899 5τύν
184 827 288 956 όλλιρν
307 834 483 958 lropu'cccpv
504 844 659 923 μέγιστον
688 847 890 963 παρεκίνησε,
913 874 972 920 και
968 850 1088 916 ούύὲν
1109 857 1199 942 αύτῷ

103 927 213 1018 όπορον
245 931 266 1020 ή
294 941 398 1015 ἐνδεὲς
425 939 459 1005 τό
481 942 634 1027 παρόσον
663 943 876 1032 συνήντησεν·
930 951 973 1027 ιός
996 977 1078 1017 ειναι
1102 958 1212 1075 δήλου.

102 1060 148 1099 και
180 1037 287 1123 α’ληθή
317 1037 371 1104 τόν
400 1041 538 1108 παλαιόν
563 1043 619 1108 καί
653 1042 870 1114 συνετώτατον
903 1048 1015 1135 λόγον,
1046 1047 1093 1119 ὅτι
1117 1049 1195 1121 ὅπου

101 1141 277 1252 ηροαίρεσις
299 1139 425 1228 ἀγαθή,
450 1143 484 1209 τό
501 1149 624 1210 κωλύον
646 1140 750 1226 cdliv,
772 1148 913 1230 μάλιστα
930 1156 966 1217 δὲ
988 1158 1120 1236 βασιλεῖ
1136 1160 1197 1222 ταῖν

100 1231 198 1304 ἄλλων
222 1239 412 1362 ’ύπερφίρσν
438 1243 471 1309 τό
495 1246 654 1312 πλούσιον.
714 1253 770 1313 καί
800 1246 906 1329 οόύεις
941 1249 1007 1319 εἶδέ
1027 1257 1104 1321 ποτέ
1124 1281 1195 1322 τινα

65 1340 209 1405 sslicitum
232 1344 420 1425 πενόμενον·
465 1341 573 1412 οἷλλ’“
556 1371 631 1413 σσσν
653 1347 824 1437 ε’ξόντλητα
853 1362 928 1437 παρ’
952 1358 1053 1421 αύτού
1077 1359 1117 1420 dc’
1139 1358 1196 1419 εύ-

98 1443 199 1519 ποιίιις
220 1441 260 1508 τό
280 1443 434 1530 χρήματα
455 1452 511 1512 καί
531 1451 731 1533 χρεωλυσίας
752 1455 912 1539 πεποίητο,
932 1461 1083 1522 τοσοῦτον
1105 1482 1192 1540 παρα

92 1547 149 1606 τού
165 1549 392 1666 βασιλεύοντος
412 1542 575 1616 όνωθεν’
559 1561 797 1637 επιχορηγεῖται
826 1558 927 1682 τρύτρ
949 1557 1036 1678 πηγή
1052 1582 1105 1621 και
1129 1582 1192 1622 πο-

98 1646 194 1729 ταμός
220 1650 353 1731 χρυσῶν
373 1647 604 1736 α’νεξόντλητσς.
658 1646 794 1740 ἀληθινή
822 1656 884 1743 γὰρ
906 1661 993 1723 ἐστιν
1015 1653 1192 1740 ἄμπελοςε
1177 1686 1193 1725 ο

96 1751 147 1832 τῆς
175 1745 324 1835 cip-‘iliaco
359 1746 562 1832 μεταδόσεως
589 1752 718 1839 κύριος,
761 1761 910 1825 τοσούτου
943 1760 1193 1842 ἐπαυξανόμενος

61 1845 166 1915 15όσον
185 1852 366 1936 περιτόμνει
387 1850 442 1916 τόν
464 1860 600 1920 πλούτον
621 1860 676 1922 καί
702 1860 867 1942 σκορπιζει
892 1862 932 1923 δι’
953 1860 1163 1946 α’γαθότηταω
1200 1876 1220 1931 l.
1234 1875 1323 1935 224r.

185 1951 285 2019 Ἀλλὰ
314 1950 351 2018 τό
382 1958 442 2036 μὲν
473 1958 549 2038 περὶ
569 1960 627 2021 τού
656 1959 764 2042 σσφού
795 1964 951 2041 βασιλέως
973 1960 1050 2027 κατό
1079 1961 1192 2047 καιρόν

92 2058 243 2134 λιλέξεται
265 2049 410 2139 ύστερον,
433 2051 606 2122 ότετούτον
628 2055 762 2142 ἡπόλις
784 2059 913 2144 λαμπρό
937 2067 1091 2148 λαμπροῖς
1110 2062 1193 2127 ύπο-

93 2158 212 2234 δέξεται
242 2155 297 2220 καί
324 2156 460 2240 μορίαις
490 2161 607 2249 τιμήση
638 2168 708 2236 ταῖς
735 2159 913 2247 εύφημίαις
940 2164 995 2227 καί
1015 2159 1194 2249 πανηγύρε-

92 2281 161 2321 σιν·
205 2259 239 2322 ἒν
260 2259 296 2321 dd
316 2266 382 2333 τοῖς
402 2252 560 2342 ἑσπερίοις
579 2266 691 2346 μέρεσι
715 2260 845 2347 φεύγων
869 2267 927 2345 μὲν
947 2263 963 2329 ό
985 2267 1043 2328 τοῦ
1066 2271 1194 2347 Βρυεν-

57 2360 160 2423 tostos
183 2355 384 2445 ούτόύελφος
406 2357 485 2441 μετὰ
509 2363 571 2425 τῶν
592 2362 675 2449 α’μφ’
702 2360 800 2428 αύτόν
829 2367 869 2449 τῇ
887 2363 1055 2454 Ῥαιύεσειβ
1075 2388 1194 2450 προσε-

91 2465 217 2545 πίλασε,
240 2460 294 2527 κατ’
313 2459 432 2547 ταύτης
453 2459 540 2538 ἐντός
560 2463 783 2549 εἰσελήλυθεν,
804 2462 834 2528 οἱ
855 2466 890 2528 δὲ
912 2466 1114 2543 Πατζινόκοι
1135 2466 1194 2551 τήν

91 2568 151 2629 τύν
174 2562 376 2628 Μακεδόνων
397 2566 594 2630 α’ποστοσίαν
617 2564 702 2630 ι’ύίαν
719 2552 896 2649 εύπρονίαν
915 2570 969 2631 καί
990 2561 1118 2631 εύνυιαν
1139 2573 1194 2632 λο-

90 2665 265 2747 ηισόμενοι,
293 2664 374 2746 μετὰ
401 2664 545 2750 πλήθους
572 2661 629 2729 ούκ
659 2663 827 2751 ε’λαχιστου
858 2671 898 2755 τῇ
930 2668 1193 2753 Ἀύριονουπόλει

161 2827 379 2954 Ῑόμύόὸθολθ·
476 2829 503 2882 9·
523 2828 741 2904 όπιρφέροκτιῗ
848 2830 909 2904 οἶδε
929 2829 959 2885 G.
1052 2832 1093 2885 10.
1112 2830 1192 2899 ἐξην.

159 2920 174 2955 τ
190 2919 255 2967 ητον
1037 2930 1040 2935 .

92 3048 248 3103 liberalibus
267 3064 358 3102 omnes
379 3062 460 3116 supra
478 3064 581 3101 omnem
600 3064 673 3116 spem
693 3051 772 3117 valde
792 3051 886 3103 ditarit
906 3059 934 3104 et
959 3050 1115 3102 honorificis
1142 3066 1192 3102 ex.

92 3122 259 3191 ceptionibua
279 3129 306 3172 ct
323 3121 509 3189 largitionibus
528 3120 670 3171 multorum
689 3121 849 3174 talentorum
870 3122 1119 3173 exercitumcontra
1139 3136 1191 3187 op..

91 3196 205 3261 positum
233 3192 397 3259 Bryennium
424 3200 450 3244 et
477 3201 582 3245 ceteros
606 3201 733 3258 tyrannos
758 3194 899 3244 maximum
930 3194 1075 3245 excitavit:
1102 3206 1190 3259 neque

91 3266 233 3334 quidquam
253 3266 277 3314 ci
296 3266 405 3331 inopiae
423 3263 469 3317 vel
489 3264 654 3317 difficultatis
673 3265 780 3316 omnino
801 3265 927 3328 obvenit,
947 3265 984 3315 ita
1003 3272 1031 3314 ut
1060 3264 1095 3315 sit
1114 3261 1188 3313 clara

92 3345 117 3388 et
135 3353 201 3390 vcra
221 3337 306 3387 oratio
326 3335 375 3387 illa
392 3345 499 3389 vetusta
518 3345 545 3388 et
561 3336 776 3404 prudentissima,
796 3337 841 3387 ubi
861 3334 1002 3387 consilium
1024 3335 1121 3387 bonum
1141 3335 1191 3386 ud-

91 3410 133 3473 cit,
152 3408 191 3460 ibi
210 3406 279 3459 nihil
301 3422 360 3460 esse
380 3409 572 3476 impedimenti,
590 3410 704 3460 maxime
722 3417 810 3460 autem
828 3424 919 3476 regem
933 3408 1031 3459 ceteris
1052 3404 1189 3457 excellere

90 3480 210 3532 divitiis·
236 3487 317 3548 atque
340 3496 418 3531 nemo
442 3482 520 3532 novit
543 3496 658 3548 unquam
683 3496 832 3548 quenquam
862 3480 954 3531 horum
984 3493 1115 3545 egenum·
1143 3478 1191 3528 sed

93 3560 219 3621 quantum
239 3550 431 3603 exhauriuntur
458 3552 491 3603 ab
511 3568 543 3603 eo
562 3554 673 3605 divitiae
701 3551 842 3605 beneficiis
869 3561 896 3604 et
918 3551 1014 3611 officiis
1032 3549 1190 3612 solvendis,

90 3633 192 3676 tanturn
211 3639 226 3675 a
244 3638 310 3691 rege
329 3639 427 3691 supero
447 3624 590 3690 praebetur
607 3624 670 3676 huic
692 3624 751 3677 fons
772 3633 798 3676 et
816 3624 914 3677 fluvius
931 3623 988 3673 auri
1007 3620 1189 3672 inexhaustus.

93 3711 159 3749 uera
178 3697 248 3747 enim
268 3696 332 3747 vitis
352 3705 393 3748 est
410 3695 543 3765 benignae
562 3695 713 3765 largitionis
733 3698 864 3761 dominus,
883 3701 1192 3759 tantumauctus,quan-

90 3775 144 3819 tum
165 3768 364 3820 circumscribit
381 3768 499 3831 divitias,
520 3776 548 3819 et
565 3769 667 3835 spargit
691 3776 801 3835 propter
825 3770 959 3821 virtutem·

193 3856 245 3909 Sed
264 3856 297 3906 de
318 3857 439 3923 sapiente
457 3870 523 3923 rege
546 3870 594 3906 suo
613 3863 733 3922 tempore
755 3856 859 3908 dicetur
877 3864 980 3923 postea,
1000 3854 1103 3923 quando
1124 3852 1194 3901 hunc
1216 3908 1217 3913 η

91 3929 154 3982 urbs
173 3927 314 4010 splendida
328 3928 468 3993 splendide
479 3929 596 3994 excipiet
615 3934 642 3977 et
654 3926 893 3978 innumerabilibus
911 3925 1052 3977 honorabit
1070 3921 1193 3974 laudibus

90 4008 116 4051 et
135 4000 223 4053 iestis.
244 4000 270 4050 in
294 3998 506 4050 occidentalibus
524 4007 610 4051 autem
632 3998 750 4064 partibus
773 3998 879 4065 fugiens
899 3997 981 4047 irater
994 3995 1122 4061 Bryenuii
1134 4007 1192 4043 cum

92 4074 156 4138 suis,
176 4070 309 4123 llaedesto
330 4071 558 4138 appropinquavit
575 4077 602 4120 et
620 4069 688 4121 hanc
712 4068 804 4119 urbem
828 4069 946 4118 intravit.
984 4065 1119 4118 Patzinaci
1143 4078 1194 4113 au-

93 4151 147 4194 tem
164 4142 338 4197 llaecdonum
357 4142 516 4195 seditionem
535 4157 608 4195 suam
628 4139 784 4192 felicitatem
806 4148 834 4191 et
855 4137 1071 4190 benevolentiam
1096 4143 1194 4203 putan-

94 4222 135 4268 tes
159 4231 219 4268 cnm
241 4214 411 4268 multitudine
429 4228 485 4267 non
503 4217 610 4267 minima
624 4212 801 4281 Adrianopoli
820 4212 1064 4279 appropinquarunt
1082 4216 1108 4260 ct
1126 4206 1194 4257 hanc
