2967 4825
172 254 175 257 ¹
254 312 321 365 vm
448 296 688 383 walniurar
719 298 896 365 anostra
924 301 980 365 nn
1014 297 1164 368 rursm
1263 356 1272 364 .

252 481 438 557 adducens
452 486 621 557 Pluerum
639 482 674 579 ¹),
702 483 864 582 denique
890 484 1068 557 llaenelus
1093 476 1193 556 V.Clss
1209 486 1248 574 ²).
1277 484 1347 559 Ne-
1457 564 1463 579 ¹

251 633 313 680 nao
335 622 473 703 tamen,
500 610 604 707 quod
627 610 752 704 sciam,
773 611 998 681 mentionem
1019 610 1105 683 lecit
1127 610 1267 682 codicis
1290 610 1349 681 hi·

253 732 462 807 bliothecae
477 735 699 829 Parisiensis,
725 733 905 833 adquam
931 749 1055 808 tamen
1082 735 1349 808 doctishomi·

254 858 361 930 nibus
397 872 433 931 et
466 859 647 957 indigenis
681 874 717 933 et
750 861 951 959 peregrinis
983 861 1172 947 facillimus
1204 884 1350 956 semper

253 984 320 1055 luit
347 984 476 1057 aditus.
537 986 664 1081 Neque
692 985 964 1057 Montelalconii
998 988 1187 1084 catalogus
1212 985 1350 1059 biblio-

250 1109 380 1181 thecae
407 1108 662 1205 coislinianae,
689 1135 765 1206 quo
793 1094 1003 1183 continetur
1023 1109 1168 1183 Codicis
1192 1113 1263 1185 136
1288 1134 1351 1183 ac-
1399 1113 1418 1173 ss

253 1250 376 1307 curata
399 1235 610 1333 descriptio,
633 1241 661 1323 ³]
689 1237 796 1308 ullius
822 1249 864 1308 ut
887 1235 1032 1308 ridetur
1050 1237 1195 1309 salivam
1223 1238 1348 1310 morit.

248 1360 434 1457 Nusquam
461 1362 556 1432 enim
574 1362 687 1435 ullum
705 1363 827 1433 locum
843 1362 951 1433 huius
967 1362 1140 1434 historiae
1163 1359 1350 1435 laudatum

147 1473 151 1484 ⁸
253 1487 386 1583 reperi,
409 1511 531 1583 neque
549 1487 590 1557 in
607 1487 780 1584 glossario
807 1487 952 1559 mediae
978 1502 1014 1559 et
1039 1486 1187 1559 infimae
1211 1488 1352 1585 graeci-

251 1612 335 1684 tatis
345 1612 545 1708 Gangiano,
579 1637 699 1709 neque
726 1614 763 1684 in
790 1614 903 1716 ipsius
913 1613 1182 1685 Montelalconii
1200 1614 1352 1710 palaeo-

254 1737 406 1834 graphia
428 1762 566 1834 graeca.
596 1737 832 1836 Quapropter
858 1738 1086 1835 simulatque
1112 1738 1234 1809 inveni
1258 1763 1353 1835 opus

254 1862 376 1967 adhuc
399 1889 517 1961 paene
544 1864 785 1962 incognitum,
812 1864 903 1934 nibil
929 1864 1116 1960 antiquius
1142 1863 1226 1935 duxi
1238 1887 1351 1961 quam

257 2002 298 2059 ut
323 1968 525 2060 accuratam
555 1989 693 2060 codicis
716 1989 979 2060 Escoriacensis
1003 1989 1234 2085 acquirerem
1252 1990 1353 2061 noti·
1362 2026 1365 2028 Α
1397 1987 1423 2004 ”

151 2124 154 2131 ’
254 2113 355 2186 tiam.
408 2114 587 2185 Etenim
579 2140 608 2185 rs
636 2112 751 2186 codex
778 2139 798 2185 a
825 2114 1003 2185 Michaele
1031 2113 1164 2207 Balbo,
1196 2114 1225 2185 si
1256 2112 1351 2185 fides

252 2238 399 2311 Labbeo
424 2263 466 2311 ac
476 2240 642 2311 Fabricio
655 2202 891 2333 adhihenda,
918 2240 989 2311 hoc
1016 2253 1068 2311 est
1095 2241 1140 2311 ab
1169 2244 1350 2314 anno820

250 2365 397 2438 initium
434 2346 628 2463 sumpsisse
671 2362 884 2459 dicebatur,
920 2379 1044 2438 noster
1076 2378 1204 2438 contra
1235 2390 1256 2438 a
1283 2364 1353 2437 Mi-

253 2492 378 2563 chaele
398 2491 651 2588 Paphlagone,
667 2517 775 2572 ¹anno
800 2504 943 2562 tantum
964 2487 1060 2564 1034
1086 2491 1227 2588 incipit.
1279 2490 1353 2562 Sed
1385 2568 1390 2589 ⁸

254 2617 382 2688 frustra
408 2617 564 2710 flagitari
595 2629 635 2686 ut
661 2617 752 2687 haec
778 2642 859 2687 mea
882 2616 989 2687 dere
1015 2617 1073 2687 illa
1096 2615 1277 2688 dubitatio
1302 2618 1353 2687 'si-

255 2740 492 2840 gnificatione
526 2741 647 2838 aliqua
670 2742 869 2813 tolleretur.
930 2767 1027 2829 anno
1062 2741 1213 2813 tandem
1255 2737 1352 2816 1842

251 2866 662 2964 EduardusLaboulaye
689 2844 898 2939 aicademiae
913 2867 1194 2962 inscriptionum
1221 2867 1355 2960 socius,

255 2992 464 3088 Hispaniam
493 2979 698 3091 peragrans,
725 3018 798 3089 qua
824 2992 892 3062 luit
916 3016 1062 3089 semper
1084 2993 1121 3063 in
1147 2984 1208 3064 me
1237 2995 1352 3066 bene-

250 3117 423 3210 volentia,
442 3130 568 3214 rogatu
583 3143 667 3189 meo
683 3118 955 3189 Scoriacensem
969 3118 1232 3194 bibliothecam
1247 3116 1350 3210 adiit,
1445 3141 1449 3148 ·

250 3241 454 3313 codicem
446 3244 584 3313 invenit
585 3243 785 3340 ,inspexit,
807 3245 986 3366 misitque
1013 3244 1106 3314 mihi
1131 3242 1350 3338 descriptio-

164 3460 170 3467 ·
254 3394 352 3463 nem,
380 3394 490 3466 quam
510 3369 612 3440 omni
635 3382 738 3465 parte
766 3369 1024 3466 comprobarit
1037 3383 1225 3443 accuratus
1252 3369 1351 3439 eius-

262 3589 496 3600 ...a-—a———n

354 3733 383 3801 1)
402 3731 430 3782 in
450 3731 591 3784 ltineraric
610 3745 659 3798 per
678 3731 849 3800 hispaniam,
866 3705 982 3798 Lipsiae
995 3731 1071 3784 1777.
1092 3747 1119 3798 p.
1140 3732 1198 3784 182.

351 3823 382 3923 ²l
404 3852 527 3921 Catalogl
556 3854 683 3906 librorum
702 3851 775 3907 MSS.
818 3855 926 3921 Lipsiae
952 3853 1028 3908 1830.
1058 3855 1103 3922 qui
1135 3861 1224 3906 tamen
1247 3852 1350 3904 fallitur

254 3967 373 4020 indicans
394 3969 513 4020 codicem
537 3968 568 4019 18
586 3967 655 4020 Plut.
675 3968 696 4020 Ι.
716 3984 780 4020 arm.
799 3973 832 4022 Σ.
854 3984 907 4036 quo
927 3937 1097 4020 continentur
1115 3967 1253 4020 llichaelis
1274 3967 1350 4035 Apo.

190 4107 198 4116 fl
254 4079 327 4133 stolii
348 4081 424 4133 varia
440 4083 548 4148 scripta.

349 4205 381 4272 3)
401 4201 573 4254 Bibliotheca
585 4201 751 4256 coisliniana
768 4202 830 4253 olim
845 4202 1017 4271 Seguierana.
1038 4202 1146 4257 Parisiis
1167 4201 1235 4254 1715
1254 4216 1280 4268 p.
1292 4201 1350 4252 106.
