2967 4825
579 137 790 206 !BTORIA.
1156 135 1231 212 263

31 366 41 384 ρ
125 297 166 364 δέ
185 296 260 375 toric
289 295 473 384 ὅμοφάλους
494 298 763 384 ἐπιγαυροάμενος
783 301 944 390 ἐκραεώς,
977 304 1032 374 καί
1052 310 1229 387 πολυειδεῖς

28 413 35 422 ·
76 484 81 500 Ι
126 398 316 482 α’παιτήσεις
347 400 403 466 καί
431 405 587 484 τιμωρίας
619 399 860 484 κατασκεδάζων
886 408 1012 489 ου’τών,
1035 411 1090 474 καί
1110 410 1230 491 μάλλον

124 499 201 576 τούς
223 505 330 578 ξένους
361 505 488 583 ξεσμοῖς
511 501 720 586 ἐποβάλλων,
740 506 780 570 ἐν’
803 509 836 570 ἐκ
858 510 922 572 τών
943 507 1100 590 σωμάτων
1125 511 1232 578 unitus

126 602 193 684 οάχ
214 599 359 682 αἱμάτων
382 603 465 668 άλλά
483 602 657 689 χρημάτων
684 604 878 696 οἷνερευνήσῃ
897 613 1008 696 πηγάς.

97 711 114 762 5
221 698 258 768 ‘0
278 706 313 769 δέ
327 706 538 791 Βοτανειάτής
560 707 598 771 ου’
599 733 622 791 χ
647 700 758 789 οὕτως,
782 704 863 774 ἀλλὰ
887 708 962 787 τοάς
983 713 1028 787 είς
1051 710 1149 778 odada
1163 717 1233 779 εἰσ-

123 809 258 890 ρίοντας
279 808 388 883 ξένους
406 801 426 892 ή
446 800 581 873 discute
601 813 699 873 ποθεν
715 811 805 898 ου’τρῖ
825 818 1103 896 παρεμπίπτοντας
1116 817 1157 896 cof
1167 813 1233 894 μά-

123 929 180 970 νον
202 903 421 991 ἀτιμωρήτους
440 906 496 973 καί
515 910 648 994 άναφεῖς
667 914 913 994 κατελίμπανον,
938 913 1018 978 άλλά
1040 916 1095 978 καί
1115 915 1231 999 δώροις

21 1028 22 1031 ’
122 1010 221 1090 ἐτίμα
232 1009 289 1072 καί
308 1013 467 1090 μεγίστοις
488 1006 722 1095 περιλάμπροις
741 1021 807 1089 τοῖς
825 1011 995 1097 ἀξιώμασι,
1017 1017 1070 1078 καί
1091 1013 1231 1100 σιτήσεις

124 1111 275 1193 ἐχορήγει
308 1106 366 1192 τήν
395 1111 509 1194 χρείαν
536 1113 571 1175 ἐκ
592 1114 713 1174 πολλοῦ
741 1115 797 1176 τοῦ
822 1114 987 1197 περιόντοςΙ
1012 1115 1146 1192 νικώσαις
1168 1117 1231 1180 ου’-

82 1213 199 1281 ίοτών.
244 1202 319 1276 ὅθεν
347 1211 439 1276 καίέ
465 1211 603 1291 δικάζων
627 1210 809 1290 ἀδεκάστοις
839 1212 914 1294 θεάς
950 1213 1055 1294 δεξιάν
1083 1215 1141 1302 τήν
1161 1220 1231 1301 ψή-

124 1334 189 1396 ,φον
211 1313 254 1398 τῷ
277 1314 386 1389 δεξιώς
412 1316 569 1400 χρωμένῳ
600 1322 665 1390 τοῖς
685 1315 878 1399 ίπράγμασιν
905 1316 1132 1400 ἐπεβράβευσε.
1175 1319 1232 1382 καί
1279 1352 1281 1358 ·

125 1406 225 1494 ὅπως,
249 1402 312 1497 ήδη
336 1413 462 1498 ῥητέον.

223 1511 273 1577 ’ds
291 1511 446 1593 τοιούτοις
467 1519 531 1581 τών
553 1519 746 1602 πραγμάτων
768 1519 1030 1606 οἷμφιδοξοιίντων
1051 1518 1150 1600 desum
1175 1522 1230 1606 τής

124 1616 212 1691 ἐδάτς
233 1614 354 1692 πόλεως
375 1615 390 1680 ὅ
416 1619 647 1705 Βοτανειάτης,
674 1623 730 1704 τῆς
753 1618 833 1708 πρὸς
852 1619 910 1710 τήν
935 1625 1086 1703 βασιλίδα
1109 1619 1259 1708 φεροά-,

83 1725 184 1800 15σης
210 1720 279 1797 μετ’
307 1714 468 1802 εέψυχίας
502 1714 688 1803 άπτάμενος.
742 1721 799 1785 δίο
827 1725 862 1786 δὲ
891 1726 955 1787 τών
974 1720 1231 1806 ’ὑποστρατήγων

124 1820 240 1899 αὐτοῦ,
264 1817 373 1902 κράτος
383 1819 470 1903 ἐχειν
487 1817 657 1902 πολεμικὸν
673 1825 729 1887 καί
751 1826 872 1906 πλῆθος
890 1821 1117 1908 στρατιωτικὸν
1138 1827 1353 1908 fleti-mbr·

125 1921 303 2000 θυόμενον,
338 1917 395 2003 τήν
418 1919 623 2006 ὑποχώρησιν
646 1920 785 2006 ἔκλεψαν
814 1923 869 1987 καί
897 1926 1079 2004 λιποταξίου
1102 1921 1230 2010 γραφήν

126 2022 365 2105 α’ττηνὲγκαντο,
390 2027 594 2106 πανταχόθεν
626 2016 753 2090 άπιστοι
782 2027 837 2090 καί
863 2025 1033 2110 α’χάριστοι
1055 2028 1110 2090 καί
1131 2027 1231 2108 α’γνω·

125 2120 267 2204 μοσάνής
290 2127 442 2208 φανέντες
465 2123 651 2205 ἐνάμεοτοι·
680 2133 746 2189 ὀυ
764 2125 826 2210 γάρ
847 2127 998 2214 φ’ήθήσαν
1028 2123 1057 2190 οἱ
1078 2112 1231 2190 κακοδαί-

83 2227 220 2304 2ομονες
242 2224 312 2287 οόδ’
341 2228 387 2300 εἰς
409 2229 484 2290 νοῦν
516 2223 631 2307 ἔβαλον
651 2224 685 2290 τέ
712 2227 767 2309 τής
790 2231 960 2310 θεήγοριάς
981 2213 1162 2311 διάταγμα,
1186 2225 1231 2300 cie

125 2325 165 2388 οδ
185 2323 323 2404 σώζεται
345 2327 496 2408 βασιλεὺς
520 2328 574 2391 διὰ
590 2325 710 2411 πολλήν
731 2329 887 2408 δύναμιν·
937 2327 1017 2391 dite
1043 2327 1230 2392 δειλιάσαν-

126 2450 177 2502 τις
199 2426 281 2510 πρὸς
303 2426 362 2503 τάς
394 2434 458 2494 τών
484 2428 634 2514 Τοάρκων
661 2431 870 2513 παρατάξεις,
903 2428 940 2495 ol*
965 2429 1007 2515 τῷ
1028 2424 1227 2516 Βοτανειάτῃ

125 2524 328 2614 ἐφήδρευον,
350 2528 405 2613 τήν
440 2531 521 2616 πρὸς
542 2527 641 2597 αάτάν
662 2530 799 2616 στοργήν
826 2529 1023 2615 ἐξωμόσαντο
1046 2533 1099 2596 καί
1119 2554 1229 2615 παρο-

196 2706 223 2759 8.
241 2721 306 2782 μεγ.
326 2711 376 2763 καὶ
392 2706 509 2783 septb?

67 2859 69 2862 '
127 2847 286 2923 superbiens
304 2855 504 2924 impotenteret
515 2856 604 2919 varias
622 2855 818 2923 postulationes
838 2864 864 2909 et
882 2871 983 2925 poenas
1004 2856 1119 2911 fundens
1137 2868 1229 2911 eorum

127 2929 266 2997 magisque
284 2929 443 2998 peregrinos
463 2943 562 2981 exuens
581 2935 611 2979 ut
630 2943 664 2979 ex
681 2929 838 2995 corporibus
859 2929 1165 2996 eornmnonsangninis
1181 2930 1229 2984 sed

128 3000 260 3067 pecuniae
277 3001 417 3068 indagaret
429 3001 526 3054 fontes.
991 3001 994 3006 ’
1231 3014 1234 3022 “

228 3098 280 3150 Sed
297 3097 451 3151 Botaniates
470 3115 523 3151 non
552 3098 605 3150 ita:
625 3099 673 3152 sed
694 3113 757 3163 eos,
785 3099 830 3167 qui
849 3099 882 3149 ad
900 3115 960 3151 eum
980 3097 1125 3151 affluebant
1147 3114 1230 3165 pere.

130 3171 210 3239 grim,
230 3169 277 3221 uel
296 3169 404 3223 aliunde
423 3172 450 3223 in
470 3188 529 3223 eum
548 3170 710 3233 incidebant,
728 3186 782 3222 non
802 3170 887 3223 solum
908 3170 1056 3223 incolumes
1079 3171 1230 3222 etintactos

133 3240 316 3311 relinquebat,
335 3244 382 3295 sed
402 3245 479 3296 etiam
499 3244 576 3296 donis
595 3243 744 3295 honorabat
764 3251 791 3294 et
809 3243 929 3294 maximis
950 3249 976 3292 et
994 3242 1144 3294 illustribus
1167 3242 1229 3309 dig-

130 3314 269 3379 nitatibus,
290 3323 317 3366 et
334 3314 460 3367 alimenta
478 3314 624 3383 praebebat
644 3323 790 3383 egestatem
810 3329 901 3366 eorum
919 3314 1002 3382 longe
1025 3314 1187 3384 superantia.

231 3412 406 3476 Quamobrem
427 3415 505 3465 etiam
524 3413 645 3465 iudicans
663 3412 819 3479 incorrupte
839 3414 903 3465 deus
930 3412 1050 3463 dextrum
1076 3410 1230 3477 suffragium

131 3485 224 3536 dextre
243 3498 293 3536 uso
312 3485 392 3536 rebus
411 3484 512 3550 tribuit,
531 3492 621 3553 atque,
641 3492 669 3535 nt
687 3485 739 3535 iarn
755 3484 853 3535 dictum
874 3493 928 3548 est,
948 3486 976 3535 in
995 3490 1067 3534 tanta
1086 3484 1228 3533 incertitu-

131 3557 192 3607 dine
211 3554 292 3607 rebus
312 3557 483 3609 versantibus
502 3557 639 3625 egreditur
660 3571 708 3608 sua
726 3555 792 3608 urbe
813 3556 978 3622 Bataniates,
998 3557 1067 3607 viam
1086 3555 1120 3606 ad
1137 3555 1230 3605 urbem

130 3626 350 3679 ferentembono
369 3630 457 3679 animo
475 3636 580 3680 tenens.
618 3629 669 3680 duo
687 3635 777 3680 autern
807 3630 977 3681 centuriones
1002 3628 1059 3679 eius
1083 3627 1230 3695 potentiam

129 3698 256 3750 bellicam
275 3706 302 3750 ct
319 3700 514 3752 multitudinem
533 3699 675 3752 militarem
694 3716 723 3754 se
743 3700 843 3752 habere
855 3701 1002 3770 gloriantes
1022 3698 1089 3751 clam
1105 3712 1231 3751 recessa.

129 3779 192 3823 runt
210 3777 237 3821 et
254 3772 323 3822 aciei
342 3771 454 3822 relictae
477 3787 582 3824 causam
602 3780 781 3839 reportarunt,
801 3773 900 3840 ubique
925 3773 999 3824 infidi
1025 3779 1052 3821 et
1077 3772 1175 3839 ingrati
1204 3778 1231 3821 et

130 3838 269 3911 pravitatis
294 3851 454 3910 apparentes
474 3842 565 3910 pleni:
585 3844 762 3914 nequeenim
781 3853 905 3911 putarunt
924 3844 1033 3894 infausti
1052 3858 1141 3909 neque
1169 3842 1229 3893 ani.

129 3914 330 3968 madverteruut
349 3915 457 3967 divinae
477 3916 605 3967 orationis
631 3916 895 3980 determinationem,
923 3931 976 3967 non
1005 3915 1107 3966 servari
1135 3927 1229 3981 regem

132 3994 243 4055 propter
261 3985 369 4037 multam
389 3985 553 4052 potentiam:
574 3986 621 4039 sed
639 3985 724 4037 tirnidi
742 3988 869 4050 adversus
889 3987 1030 4039 'lurcarum
1050 3986 1167 4049 ordines,
1184 3984 1229 4051 qui

132 4057 291 4113 botaniatae
303 4058 506 4126 insidiabantur,
526 4060 584 4115 eius
597 4072 714 4113 aurorem
734 4060 905 4117 eiuraverunt
925 4068 951 4112 et
968 4058 1118 4129 proditores
1129 4058 1231 4109 iurum-
