2967 4825
294 250 372 324 ma
582 255 802 327 urcusuus
831 233 1091 325 surmiorsu

293 423 406 505 μέταν
415 424 596 506 χαρίσματι
616 427 670 487 καί
689 427 727 510 τῇ
750 422 830 511 πηγῇ
843 425 900 487 sori
914 423 1020 500 ε’λέους
1042 419 1207 500 εδδόκιμον
1220 417 1275 482 καί
1295 405 1398 499 into·

294 549 384 609 τερον
402 527 459 593 καί
478 519 571 608 λόγου
592 524 711 600 παντός
734 525 909 608 ἀνώτερον,
935 528 1024 590 τοῦτο
1047 525 1093 589 ἐπ’
1119 523 1219 602 ου’τῆς
1239 520 1296 600 τῆς
1320 516 1398 600 tto.

293 629 385 704 θείας
407 627 620 710 α’νυποκρίτως
640 629 777 710 λέξαίρα,
799 626 854 690 καί
873 630 962 692 τοῦτο
981 622 1035 716 διό
1056 625 1196 704 σπουδῆς
1218 620 1398 704 πεποίημαι

294 731 371 794 πᾶσι
392 731 595 813 παραστῆσαι
626 727 816 814 κατάδηλον,
845 732 900 794 καί
920 735 988 804 scic
1017 730 1186 809 μετέπειτα
1206 730 1329 806 γενεαῖς
1355 723 1398 786 δι’

294 829 501 914 α’ναγνεόσεως
531 835 586 897 καί
617 831 742 915 μνήμης
761 830 807 906 τός
829 830 1007 912 ὑπόδειγμα
1038 825 1202 892 κάλλιστον
1223 823 1420 888 tantave-s

291 933 450 1015 νίζεσθαι,
471 937 527 999 καὶ
545 932 601 997 τόν
619 928 705 998 σέτω
726 935 830 1008 καλῶς
852 935 908 997 καί
936 932 1070 1004 ἰσοθέως
1092 917 1131 992 τὰ
1154 930 1209 1009 τῆς
1229 925 1399 1005 βασιλείας

292 1029 479 1102 triticum
505 1034 677 1118 πράγματα
699 1032 825 1099 πόντων
857 1034 1020 1110 α’ποδεῖξαι
1040 1025 1347 1117 φιλανθρωπότερόν
1365 1047 1398 1090 τι
1461 1075 1462 1114 γ

291 1135 346 1197 καί
364 1134 646 1219 εδεργιτικαότερον
666 1138 721 1200 καί
742 1136 908 1219 φιλοθείας
928 1130 1106 1213 α’νοίμεοτον
1128 1127 1181 1192 καί
1203 1119 1399 1209 ἀσύγκριτον
1461 1123 1462 1136 ’

290 1241 355 1310 τοῖς
380 1233 441 1318 πρό
477 1237 580 1300 ου’τοῦ
612 1234 858 1318 βασιλεύσασιν,
882 1228 930 1297 ότι
952 1229 986 1296 έν
1010 1227 1140 1318 τοιαύτῃ
1162 1230 1222 1293 τῶν
1244 1222 1399 1311 πραγμό-
1461 1259 1462 1262 ¹

290 1358 354 1398 ταν
373 1340 567 1425 στενοχωρία
589 1333 710 1411 πάντας
728 1333 804 1410 τούς
826 1336 860 1399 έν
873 1336 923 1421 τῷ
937 1332 1111 1420 πλατυσμιγ]
1133 1327 1324 1411 κρατοῦντας
1341 1328 1397 1407 τῆς
1407 1345 1433 1400 10

289 1439 457 1516 βασιλείας
485 1436 700 1524 διαφερόντως
724 1436 966 1522 όπερηκόντισε.
1011 1429 1068 1500 καί
1086 1423 1149 1515 γιόρ
1169 1433 1223 1494 καί
1243 1425 1299 1502 τόις
1323 1423 1397 1490 ἑπι-

290 1532 410 1619 στήμας
432 1537 487 1604 καί
506 1543 619 1622 τέχνας
635 1532 655 1621 ἢ
669 1535 811 1620 ψυχικὰς
832 1530 948 1618 όρετιὶς
970 1539 1077 1598 πολλοὶ
1099 1535 1157 1614 μὲν
1182 1533 1244 1595 τῶν
1264 1526 1397 1612 ‹iustoci-

212 1680 216 1686 ,
289 1659 358 1701 παν
378 1642 581 1722 μετέρχονται
607 1642 660 1703 καί
683 1638 894 1717 δεικνύουσιν,
915 1638 1039 1701 ἐκείνων
1063 1637 1097 1702 δὲ
1117 1631 1154 1702 τό
1177 1630 1316 1714 βραβείοί
1333 1631 1397 1694 εἰσι

289 1735 345 1829 spos*
368 1735 397 1803 oi
420 1744 483 1805 sois
505 1742 670 1824 ἐγκωμίων
697 1736 850 1827 στέφανοι
872 1742 1059 1819 πλέκονται,
1082 1738 1143 1804 τῶν
1164 1731 1240 1809 τούς
1262 1729 1396 1806 λοιπούς

289 1839 554 1924 ὑπερβαλλόντων
574 1846 618 1932 τῷ
642 1843 857 1930 α’παραμίλλιγ
877 1844 932 1905 καί
951 1837 1205 1926 όπερφυεστιότῳ
1229 1839 1284 1920 τῆς
1306 1830 1397 1918 προί-
1406 1847 1434 1902 15
1462 1863 1463 1934 p

290 1946 377 2021 ξενος.
428 1941 446 2006 o‘
479 1940 541 2026 γόρ
563 1947 706 2022 τοιοῦτος
725 1941 879 2026 βασιλεῦς
908 1939 965 2006 καί
982 1965 1013 2005 τι
1040 1936 1230 2023 ίξοχοότερον
1250 1932 1318 2020 εἶχε
1342 1937 1398 2000 καί
1462 1955 1463 2016 3

288 2043 350 2117 sois
381 2047 436 2126 τῆς
459 2047 627 2125 βασιλείας
658 2045 858 2128 παρασήμων
888 2043 1146 2129 μεγαλειόττρον·
1201 2042 1232 2106 εἰ
1258 2040 1320 2123 γάρ
1347 2061 1396 2112 τις
1462 2067 1463 2072 ’

288 2137 356 2214 εἶδε
379 2141 434 2208 τόν
461 2143 517 2210 έπί
537 2154 613 2226 ,τοῖς
635 2147 775 2234 σ’φρόαιν
806 2149 907 2211 αυτοῦ
938 2144 1017 2210 κατὰ
1041 2143 1073 2210 τό
1104 2145 1251 2226 μέτωπον
1286 2139 1397 2221 τόπον,

296 2243 469 2328 σταυρικόκ
501 2256 632 2331 σημεῖον
665 2250 825 2334 αιίτοφυὲς
854 2242 940 2329 ἑτέρα
962 2249 1000 2334 τῇ
1020 2242 1177 2330 κοιλότητι
1197 2246 1258 2309 rosit
1281 2247 1399 2327 ἐγκαρ-

293 2342 371 2414 σίων
391 2350 498 2434 μτριδν
520 2348 769 2430 α’ποτελοόμενον
794 2352 945 2433 α’κριβνές,
970 2347 1013 2425 τός
1029 2343 1264 2432 τροπαιοφόρον
1284 2345 1436 2417 τοῦτονλῡ

289 2448 325 2527 ἐξ
345 2447 445 2532 iurata
467 2449 574 2515 ον’ταόν
587 2451 643 2515 καί
660 2448 925 2538 σημειοφόρονέκ
939 2452 1030 2526 θείας
1051 2444 1284 2533 πλαστουργίας
1308 2472 1396 2531 γνω-

290 2549 449 2632 ρίζεσθαι.
494 2551 546 2615 διὸ
572 2549 609 2636 δὴ
631 2555 688 2617 καί
701 2552 815 2629 πόντος
837 2549 866 2617 oi
883 2555 1093 2631 α’ντικείμενοι
1112 2546 1166 2617 καί
1185 2546 1230 2631 μὴ
1254 2552 1395 2633 πειθαρ.

189 2736 192 2739 .
288 2651 422 2731 χοῦντες
441 2650 526 2740 αυτῷ
541 2656 598 2717 καί
619 2656 773 2727 δουλικῶς
790 2656 1039 2738 προσκυνοῦντες
1055 2652 1197 2734 ἰσχυραῖς
1214 2649 1254 2734 τῇ
1275 2650 1395 2714 τούτου
1463 2682 1464 2687 ’

291 2746 437 2839 ῥομφαίᾳ
467 2756 532 2837 καί,
548 2761 611 2829 τοϊς
642 2757 868 2838 στρατοπέδοις
889 2758 1075 2834 κατέπεσον,
1109 2748 1139 2816 ολ
1161 2753 1196 2815 δὲ
1219 2748 1275 2813 καί
1296 2748 1395 2815 oniro-

290 2847 456 2941 οόγγελτνι
478 2853 535 2941 τόν
560 2856 705 2927 δουλείαν
727 2855 926 2952 ἤσπόοαντοι
967 2846 1040 2943 εὗρε
1064 2852 1124 2945 γὰρ
1147 2850 1203 2941 τήν
1221 2852 1394 2935 Ῥωμαίων
1463 2848 1464 2875 ³

289 3120 436 3191 gitionibns
459 3132 487 3176 at
512 3123 586 3175 fonto
613 3123 815 3176 misericordiae
843 3122 988 3191 gloriosam
1014 3127 1041 3172 ct
1067 3118 1191 3171 altiorem
1214 3125 1242 3169 et
1266 3132 1392 3171 sermone

289 3196 360 3245 omni
378 3196 544 3261 superiorem
570 3196 700 3248 rationem
729 3211 763 3247 ex
789 3196 847 3262 ipsa
874 3194 987 3261 veritato
1015 3193 1074 3243 sine
1100 3188 1269 3242 simulatione
1290 3190 1391 3243 bifero:

288 3274 369 3335 atquc
388 3265 457 3318 hauc
475 3268 563 3320 studui
582 3267 704 3319 omnibus
726 3282 863 3334 apponere
883 3264 991 3327 claram,
1014 3271 1039 3314 et
1058 3262 1174 3329 posteris
1194 3261 1328 3313 aetatibus
1346 3260 1391 3313 le.

288 3339 379 3388 ctione
397 3346 425 3389 et
450 3340 577 3389 momoria
602 3347 629 3390 et
657 3340 807 3406 exemplum
832 3336 1041 3405 pulcherrimum
1066 3332 1241 3384 immortalem
1266 3334 1390 3397 reddere,

286 3416 369 3477 'atquo
389 3425 463 3474 eum,
491 3411 536 3479 qui
561 3419 613 3461 tam
631 3409 744 3477 pulchre
775 3418 800 3461 ot
819 3408 912 3461 divine*
936 3422 1047 3475 regnum
1071 3406 1245 3468 administrat,
1269 3404 1391 3457 omnibus

288 3481 430 3532 ostendere
449 3482 632 3533 humaniorem
646 3489 673 3532 et
690 3481 926 3533 beneficentiorem
953 3487 979 3529 et
997 3479 1097 3544 pictate
1117 3476 1225 3543 pienum
1245 3484 1326 3543 atque
1345 3479 1391 3527 in.

288 3551 493 3619 comparabilem
507 3553 641 3620 prioribus
653 3553 779 3621 regibus:
800 3555 862 3621 quia
881 3553 908 3602 in
927 3550 1025 3602 talibus
1038 3564 1126 3599 rerum
1145 3549 1277 3615 angustiis
1297 3562 1391 3599 omnes

286 3626 315 3675 in
335 3624 510 3689 amplitudine
529 3626 606 3691 regni
625 3626 786 3692 imperantes
805 3623 884 3675 valdo
903 3622 1059 3689 superavit:
1084 3622 1182 3672 etenim
1206 3628 1232 3670 et
1250 3620 1343 3671 literas
1365 3627 1392 3671 et

286 3703 360 3746 artes
380 3694 425 3747 vei
445 3696 525 3747 animi
543 3696 656 3747 virtutes
680 3695 758 3749 multi
778 3694 898 3747 hominos
923 3694 1029 3761 assequi
1058 3691 1166 3745 student
1185 3700 1211 3743 ct
1230 3691 1390 3743 ostendunt:

286 3762 395 3817 illorum
413 3773 501 3817 autom
530 3768 648 3832 praemia
665 3775 727 3819 sunt
748 3774 774 3818 et
793 3766 897 3817 laudum
927 3780 1042 3817 coronae
1071 3764 1234 3831 plectuntur,
1257 3764 1302 3831 qui
1322 3762 1391 3813 reli.

287 3849 353 3902 quos
373 3845 500 3902 superant
517 3838 719 3903 incomparabili
733 3847 761 3888 et
779 3840 891 3889 inarime
911 3838 1014 3903 ingenti
1033 3838 1150 3887 actione.
1169 3834 1231 3886 talis
1252 3835 1322 3885 enirn
1342 3849 1390 3885 rex

254 3907 256 3910 ’
286 3908 331 3959 roi
351 3908 521 3973 praecellens
546 3909 610 3976 quid
637 3918 664 3961 et
690 3911 718 3960 in
743 3912 821 3975 regni
852 3909 999 3977 insignibus
1030 3908 1244 3976 magnificentius
1264 3905 1390 3956 habebat.

286 3980 308 4029 si
327 3980 387 4046 quis
405 3981 475 4031 enim
496 3982 664 4047 conspiceret
683 3981 772 4031 locum
792 3980 976 4047 palpebrarum
997 3978 1055 4031 eius
1075 3981 1102 4030 in
1122 3978 1221 4042 fronte,
1241 3978 1330 4029 crucis
1350 3978 1390 4027 si-

209 4091 216 4099 .
287 4066 367 4118 ρεταιν
385 4051 506 4104 naturale
525 4052 633 4106 videbat
650 4068 759 4121 recessu
774 4068 840 4103 cavo
861 4050 1027 4119 obliquorum
1043 4051 1156 4118 partium
1172 4049 1324 4101 absolutum
1342 4064 1392 4101 ac-

291 4130 403 4185 curate,
432 4124 468 4175 ita
487 4134 516 4177 ut
533 4134 644 4191 tropaea
669 4124 759 4177 lenens
778 4124 823 4177 lric
845 4122 1021 4189 exoperibus
1048 4124 1103 4175 suis
1124 4128 1150 4173 et
1168 4121 1282 4189 signifer
1302 4127 1330 4172 et
1350 4120 1393 4172 cii.

292 4193 356 4249 rina
375 4192 504 4252 obsatula
533 4204 758 4265 αοςαοειιτοτυνι
788 4194 958 4265 quamobrem
979 4195 1057 4249 ctiam
1073 4208 1173 4274 *omues
1200 4191 1349 4249 adversarii
1369 4196 1395 4244 et
