2967 4825
1055 234 1219 311 tot*

119 386 315 467 διεξόδτοτος
336 390 392 456 κατ’
411 391 599 479 κρημνώδης
618 399 674 460 καί
694 399 870 479 δονόμτνος
891 399 1026 484 στρατόν
1048 400 1221 468 διασκεδά-

119 517 174 558 σαι
201 495 257 556 καί
286 494 732 579 παραστῆσαιόσόντακτον
755 482 807 563 και
837 525 894 576 τας
922 506 1022 577 οπλας
1052 511 1220 588 ἐπιτρίψαι

118 596 181 660 τόν
203 598 327 659 ἵππιον·
369 589 446 681 ὅπερ
471 594 527 661 καί
547 600 598 684 ἐφ’
624 597 716 682 ἧμιόν
738 605 990 688 προσνμβέβηκε.
1044 602 1099 669 καί
1119 603 1138 689 ἦ
1162 608 1220 670 rori

117 699 274 778 βασιλέως
301 697 392 784 φήμη
421 701 577 781 περιδεεῖς
607 701 972 787 αίτνόςόπειργόζττο.
1029 704 1082 769 διό
1118 708 1219 771 ταότα

94 801 171 862 δαιτί
192 798 256 883 τὴν
277 804 336 881 μὲν
363 798 468 883 όρμην
500 807 567 877 τοῖς
587 804 741 879 ἐναντίοις
769 805 863 869 reete*
892 806 1118 873 detaoiicoer·'
1144 808 1220 870 όπι-

116 898 294 986 σθόρμητοι
315 902 350 967 όέ
371 902 534 984 γινόμενοι
564 906 637 985 μεθ’
660 894 698 987 ἧς
722 904 897 989 ἐκρότησαν
925 909 1012 981 λείας
1034 905 1087 971 ἐπί
1101 904 1140 972 τό
1158 908 1219 970 όν-

114 998 203 1066 τικόν
222 1006 330 1087 μέρος,
353 995 478 1067 ότοοθτν
496 1004 551 1087 τῆς
569 1007 751 1089 Μελιτηνῆς
772 1009 1059 1089 διαπεραιωθέντες
1078 1006 1134 1071 τόν
1148 1008 1218 1071 Idu'-

117 1101 252 1189 ηρότην,
276 1100 358 1168 etot
381 1104 438 1167 τοό
457 1092 600 1184 θέματος
621 1107 849 1171 Καππαδοκῶν
875 1106 953 1171 uerri
976 1105 1011 1185 τό
1037 1100 1217 1189 εἰθισμένον
1275 1138 1276 1141 “

115 1200 225 1279 «droa
245 1205 392 1287 όντροτιός
425 1197 571 1286 ἧλαννον,
594 1204 860 1291 καταληιζόμενοι
883 1209 943 1288 μὲν
976 1205 1011 1272 τὸ
1036 1206 1218 1291 προοτοχόν

28 1389 29 1394 ¹
79 1303 148 1379 Ῑθέξ
170 1304 305 1387 ἐφόδου,
328 1308 529 1390 ἐφορμῶντες
549 1307 585 1368 δέ
604 1310 802 1394 πανστρατιᾷ
833 1306 913 1372 κατὰ
933 1310 1068 1391 τῆςτοό
1086 1310 1217 1375 Ἰκονίου
1270 1356 1273 1365 .

116 1406 305 1480 πολιτείαν
341 1398 381 1488 ἦν
409 1404 469 1489 γὰρ
498 1402 569 1470 ιόιε
597 1404 713 1490 πλήθει
747 1429 779 1470 τε
802 1408 858 1471 καί
883 1412 1013 1492 μεγέθει
1038 1410 1162 1495 ἀνδρῶν
1181 1432 1216 1474 τε

115 1508 169 1569 καί
186 1505 297 1571 οἰκιῶν
317 1510 373 1570 καί
391 1509 454 1571 rade
476 1498 581 1571 όλλοον
595 1508 743 1593 χρηστῶν
763 1508 817 1573 καί
833 1512 980 1594 ζηλωτόν
1004 1500 1217 1597 διαφέρουσα,

114 1609 168 1671 καί
191 1600 283 1685 ζιόοον
304 1609 514 1673 παντοδαπῶν
532 1611 604 1692 γένη
625 1611 800 1695 τρέφουσα.
928 1603 930 1605 ’

127 1791 133 1795 .
212 1710 510 1793 Προσκαρτερηοπς
532 1707 548 1772 ό
570 1709 722 1789 βασιλιός
749 1713 794 1785 εἰς
818 1714 995 1797 Κελεσίνην
1022 1713 1073 1798 ἐφ’
1095 1702 1216 1803 ᾦτοός

80 1822 106 1877 15
115 1811 335 1884 διασωθέντας
355 1811 400 1885 εἰς
421 1808 477 1895 την
500 1809 705 1895 παρεμβολήν
723 1808 952 1892 όποδέξασθαι,
975 1815 1027 1878 ἵνα
1046 1814 1091 1897 μη
1113 1838 1215 1877 κοιτα-

114 1909 349 1993 λαμβανόμετοι
369 1908 526 1996 σποράδες
553 1915 587 1989 ἐξ
608 1909 728 1996 ἐρήμης
752 1910 813 1975 όπὸ
839 1912 902 1977 τόν
929 1910 1104 1995 Ἀρμενίων
1129 1910 1214 1977 ἐπό-

114 2018 231 2077 iuraui
243 2057 255 2092 ,
286 2011 418 2077 κατόπιν
448 2014 511 2076 τοῖν
538 2010 687 2078 ἐναντίοιν
714 2015 748 2076 ἐν
770 2015 815 2101 τῷ
849 2012 1063 2099 όποστρέφειν
1083 2011 1214 2097 ἐγένετο.

114 2113 182 2179 ἐπεί
208 2115 265 2177 καί
291 2116 394 2196 κρίσιν
416 2114 569 2197 ἐπέστησε
600 2112 719 2193 μεταξό
743 2116 802 2178 rori
824 2114 904 2181 λοοό
923 2118 979 2179 καί
996 2116 1055 2179 rori
1077 2138 1216 2201 στρατη-

113 2219 181 2298 γοό,
200 2217 232 2281 εί
250 2213 307 2280 καί
326 2216 422 2281 ον’δδν
445 2220 513 2279 κατ’
532 2213 662 2289 οόδενός
683 2214 874 2301 όπεφόνθη,
900 2212 1135 2301 ψηφισαμένων
1156 2222 1216 2299 μὲν

78 2316 257 2403 δθδιόφορσ
283 2318 379 2380 τινοῖν
408 2318 464 2379 κατ’
490 2313 802 2398 γνωματεσσόντονν,
832 2318 911 2397 ἐμοῦ
945 2318 981 2379 δὲ
1010 2316 1216 2399 καταγνόντος

115 2417 166 2484 deri
189 2423 382 2504 προπέοειαν
401 2417 457 2483 καί
477 2419 671 2503 ἀμφοτέρων
690 2415 724 2482 ἐν
745 2421 940 2505 α’μφοτέροις
963 2418 1143 2500 ἀσθένειαν,
1165 2413 1215 2484 ότι

115 2517 194 2606 πλὴν
213 2523 273 2585 τοῦ
303 2523 462 2601 βασιλίως
487 2521 592 2594 οόδέν,
614 2521 683 2584 ἐστι
714 2517 750 2583 τό
774 2521 929 2584 σοντστεόν
958 2527 1023 2594 τοῖς
1040 2518 1214 2600 Ῥωμαίοις
1279 2539 1281 2546 ’

114 2620 167 2688 τόν
186 2622 338 2705 πόλεμον,
356 2624 389 2686 εἰ
407 2624 451 2706 μή
472 2645 534 2687 τιον
559 2621 666 2707 δεήσει
685 2619 766 2708 πρός
790 2619 933 2706 etaiam
955 2623 1118 2706 ἐριστικῶς
1139 2622 1215 2688 δια·
1308 2635 1349 2688 ,.’ἰ

28 2732 29 2735 ’
75 2788 81 2802 ,
115 2720 290 2808 μάχεσθαι.
590 2727 596 2735 ’

185 2852 229 2907 21.
249 2851 287 2907 δι’
305 2853 496 2930 ἐπροπίτειαν
514 2853 545 2909 G.

117 2999 247 3067 dissipare
266 3001 416 3052 etreddere
435 3000 594 3053 dissolutum
613 3009 641 3052 et
653 3000 768 3070 ungulas
781 3001 914 3054 conficere
935 3014 1080 3069 equorum}
1097 2999 1124 3053 id
1146 3000 1217 3068 quod

118 3073 195 3122 etiam
217 3071 296 3123 nobis
322 3081 400 3132 antea
426 3074 584 3141 contigerat.
630 3081 711 3142 atque
735 3075 808 3142 regis
834 3073 903 3124 iama
928 3072 1007 3124 valde
1035 3072 1151 3124 timidos‘
1169 3086 1217 3125 eos

117 3143 245 3196 reddidit:
263 3153 409 3212 propterea
425 3147 502 3196 etiarn
521 3147 647 3212 impetum
666 3146 771 3212 quidem
785 3145 905 3197 hostibus
922 3143 990 3195 haec
1009 3144 1215 3210 impediverant.

118 3217 220 3268 reversi
242 3223 414 3287 autemeam
438 3217 537 3284 praeda
556 3233 632 3287 quam
658 3216 828 3268 obtinuerant
846 3217 877 3267 ad
904 3214 1098 3267 occidentalem·
1114 3222 1216 3281 partem

119 3301 195 3353 supra
214 3286 361 3353 Melitenen
380 3289 546 3342 traiicientee
555 3289 717 3355 Euphratem
736 3297 827 3340 contra
846 3289 1010 3356 prouinciam
1031 3287 1216 3354 Cappadocum
1269 3303 1273 3312 ·

120 3374 152 3409 ex
167 3375 244 3410 more
269 3375 318 3411 suo
343 3361 540 3412 incontinenter
566 3361 818 3428 proficiscebantur,
848 3361 1006 3428 praedantes
1024 3359 1095 3427 quod
1112 3359 1145 3410 iis
1165 3356 1216 3408 ob-

120 3432 186 3482 viam
205 3432 268 3494 ir'et,
286 3434 372 3498 primo
391 3433 501 3500 impetn,
522 3441 548 3484 et
566 3433 755 3501 aggredientes
773 3440 829 3484 toto
850 3447 910 3484 cunr
931 3431 1051 3483 exercitu
1069 3429 1153 3482 leonii
1173 3428 1216 3478 ci-

120 3502 241 3554 vitatem:
262 3511 320 3554 erat
338 3505 407 3554 enim
426 3513 480 3556 tum
498 3504 668 3556 multitudine
687 3513 713 3556 ct
727 3505 909 3574 magnitudine
927 3505 1046 3556 virorum
1064 3503 1217 3554 domorum-

120 3591 170 3642 que
188 3584 216 3627 et
234 3582 384 3628 ceterorum
402 3593 471 3646 quae
489 3579 643 3628 necessaria
661 3585 722 3629 sunt
741 3585 768 3628 et
787 3585 885 3644 optata,
904 3583 1050 3644 praestans,
1070 3583 1097 3626 et
1114 3574 1218 3626 anima-

120 3646 182 3698 lium
200 3647 317 3699 minian
335 3644 437 3716 genera
454 3648 551 3700 aieitat.
600 3689 603 3693 .
1241 3661 1242 3669 ¹

215 3714 319 3771 Durare
338 3735 388 3770 rex
405 3720 557 3786 Kelesinae,
576 3729 606 3772 ut
625 3731 748 3774 servatos
771 3723 799 3774 in
819 3730 905 3773 castra
923 3723 1068 3788 reciperet,
1087 3734 1122 3770 ne
1141 3725 1215 3768 eom.

120 3791 244 3858 prehensi
263 3794 374 3858 sparsim
398 3792 509 3860 propter
528 3793 698 3845 solitudinem
723 3809 772 3859 per
790 3794 930 3846 Armenios
946 3796 1086 3859 perirent,
1106 3808 1122 3843 a
1140 3799 1216 3856 tergo

122 3862 232 3915 hostium
251 3864 381 3916 recedens
400 3866 485 3928 venit,
506 3881 563 3916 cum
589 3866 669 3916 etiam
697 3866 824 3915 indicium
845 3866 1021 3916 constitueret
1040 3866 1109 3915 inter
1127 3877 1217 3930 popu-

121 3933 172 3984 lum
191 3943 218 3985 et
235 3936 443 4002 imperatorem,
463 3935 528 3986 iicet
546 3935 613 3986 nihii
633 3938 666 3987 de
692 3935 748 3986 uiin
774 3953 803 3986 re
826 3944 989 3998 censeretur,
1011 3951 1069 3986 cum
1088 3937 1219 3988 sentirent

123 4006 225 4058 diversa
244 4007 349 4075 quidam
369 4016 396 4057 et
413 4015 555 4073 putarent,
576 4023 629 4076 ego
645 4016 733 4058 antem
758 4023 895 4059 censerem
915 4015 1024 4073 propter
1043 4010 1219 4058 temeritatem

125 4085 150 4127 et
167 4087 338 4147 utrorumque
357 4081 386 4130 in
403 4080 523 4146 utrisque
541 4080 729 4143 infirmitatem,
748 4088 854 4147 praeter
870 4095 961 4148 regem
973 4079 1043 4130 nihii
1062 4095 1130 4146 esse,
1151 4081 1220 4149 quod

131 4148 238 4227 (irascit
254 4150 356 4208 beilum
378 4152 504 4216 firmaret,
523 4152 575 4204 nisi
596 4153 664 4217 torte
683 4153 753 4204 inter
773 4167 802 4206 se
821 4159 924 4203 certare
943 4150 1080 4206 deberent.
