2967 4825
549 271 757 359 limiti·
1128 273 1207 371 22²,

100 446 222 523 βαλεῖν,
243 439 288 516 ῶς
307 442 391 525 μηδὲ
412 437 590 525 πυρφόρον,
615 434 633 501 δ
647 437 685 523 δῇ
706 441 842 523 λέγεται,
866 433 945 523 πρὸς
963 437 1021 523 τὴν
1034 438 1208 521 Ῥωμαίων
1254 476 1255 480 =
1334 440 1336 446 ’

102 546 300 613 ἐπανελθεῖν.
352 543 407 607 καί
437 534 476 623 ἧν
505 544 601 607 τοῦτο
629 540 763 624 εὐχερὲς
793 542 851 619 μὲν
878 546 945 615 τοῖς
974 542 1126 617 ἐναντίοις
1154 538 1210 605 καί

100 639 291 727 κράτιστον,
325 634 466 728 άφυκτον
494 644 531 707 δέ
551 649 618 719 τοῖς
634 641 812 724 Ῥωμαίοις
843 642 923 725 πρὸς
953 632 1050 725 ἧτταν
1070 640 1209 726 παντελῆ

102 748 160 810 καί
179 739 369 828 κατακοπὴν.
415 739 430 807 ὃ
453 745 489 809 δὲ
509 746 610 811 ποιῶν
633 743 668 806 τὸ
692 746 819 827 θέλημα
840 743 903 807 τῶν
917 746 1123 828 φοβουμένων
1146 742 1207 809 ου’-

75 842 157 911 5τάν
172 844 247 921 θεὸς
269 847 377 930 ἓτερον
396 847 490 909 τοῦτο
513 849 630 911 παθεῖν
652 846 752 927 άσεβῆ
783 844 838 909 καί
856 840 1085 927 ἀσυλλόγιστον
1106 828 1224 929 στραέ

99 946 193 1033 τηγὸν
223 940 312 1026 ἄξιον
336 940 419 1011 εἶναι
443 948 604 1028 ἐδίκασεν,
637 946 761 1029 ον’λαβῆ
791 948 825 1011 δέ
848 944 903 1012 καί
923 946 1061 1025 δίκαιον,
1083 935 1148 1023 οἷος
1167 938 1207 1031 ἦν
1216 954 1296 1013 t216
1305 972 1328 1012 r.

100 1045 119 1111 ὅ
146 1050 276 1129 Φωκεῖς,
296 1048 458 1130 οὐδαμῶς.
504 1046 558 1113 διά
579 1051 672 1112 τοῦτο
693 1048 749 1113 καί
769 1072 835 1113 τισι
855 1050 917 1113 τῶν
935 1048 1125 1133 Σαρακηνῶν
1147 1033 1206 1113 edu

99 1147 222 1216 σκὸπέν
245 1152 405 1235 ἐντίθησιν
429 1148 647 1234 αὐτομολῆσαι
682 1148 762 1233 πρὸς
789 1149 864 1227 τούς
890 1148 1069 1232 Ῥωμαίους
1092 1152 1146 1214 κατ’
1165 1151 1208 1237 τῷ

103 1251 205 1339 issant}
218 1256 447 1336 ,καταμηνίσοι
469 1250 525 1336 τὴν
547 1253 698 1336 τοιαύτην
718 1248 908 1336 ἐπιβουλήν·
942 1249 976 1315 οἳ
994 1256 1052 1317 καί
1071 1259 1208 1338 προσελ-

57 1361 89 1416 10
98 1350 212 1432 δόντες
239 1354 329 1441 ariaci
356 1358 412 1419 καί
439 1352 473 1419 τὸ
497 1352 679 1439 άπάρρητου
706 1354 951 1441 φανερώσαντες
980 1355 1209 1439 ἐπιεικέσεερον
1281 1408 1285 1422 .

100 1452 305 1541 πεποιήκασι.
347 1456 505 1543 μηδαμῶς
521 1448 577 1520 οέν
609 1452 825 1541 ὑπερθέμενος
848 1458 995 1541 α’νίστησι
1015 1457 1050 1525 τὸ
1074 1453 1209 1542 στρατά-

99 1546 209 1641 πεδον,
232 1562 382 1628 κάκεῖθεν
416 1549 499 1641 αἴρας
519 1550 632 1633 νυκτὸς
660 1558 789 1643 ἀθρόως
820 1560 1018 1625 ἐπεισπίπτει
1040 1566 1105 1633 τοῖς
1129 1555 1208 1637 ἐξω·
1285 1553 1289 1558 ’

9 1673 10 1678 ’
101 1665 163 1725 θεν
187 1662 588 1743 κατεστρατοπεδευμένοις
617 1657 667 1723 ἐτι
684 1658 893 1743 τυγχάνουσι,
923 1662 978 1725 καί
1009 1662 1209 1743 καταπλήξας

102 1760 226 1836 adroic
256 1764 299 1846 τῷ
320 1760 495 1845 ἀλαλαγμῷ
525 1760 580 1827 κατ’
611 1764 648 1849 τῇ
668 1758 791 1844 ἐκτάξαι
812 1764 867 1843 τῆς
891 1764 1042 1844 στρατιάς
1063 1759 1119 1825 καί
1140 1768 1210 1837 ταῖς

61 1883 90 1937 15
99 1858 303 1946 ἑκατέρωθεν
323 1866 516 1945 προσβολαῖς
536 1870 650 1947 φυγεῖν
678 1857 823 1937 ἀτάκτως
843 1860 1090 1944 η’νάγκασε,,και“
1110 1861 1216 1927 πολδν,

9 1997 10 2052 j
102 1961 204 2051 φόνον
226 1962 332 2027 αάτῶν
348 1958 597 2047 ’ἐργασάμενος,
619 1961 673 2027 καί
691 1966 797 2036 πᾶσαν
819 1962 882 2047 Ιτὴν
904 1965 1080 2028 πανοπλίαν
1103 1960 1211 2039 αὐτῶν

100 2066 160 2130 καί
180 2062 300 2138 ου’τούς
322 2060 541 2146 άπολιαλεκῶς,
566 2064 711 2131 διέλυσεν
737 2057 864 2129 ἅπαντα
887 2058 942 2129 τὸν
964 2060 1210 2147 inteficient

101 2164 162 2231 καί
181 2168 286 2231 πᾶσαν
311 2163 369 2249 τήν
397 2163 535 2246 δύναμιν
563 2166 621 2249 τῆς
648 2164 746 2248 νήσου
775 2170 961 2248 παρέλυσεν.
1014 2164 1211 2247 ἀγνοούντων

9 2311 10 2314 =
104 2268 144 2331 δέ
173 2270 234 2333 τῶν
257 2264 344 2343 ἐντὸς
375 2262 409 2331 τά
433 2264 653 2350 συμβεβηκός,
682 2263 820 2346 πόλεμον
843 2268 953 2341 αὐτοῖς
976 2260 1211 2350 πολιορκητικάν
1261 2324 1281 2342 ,,

61 2365 209 2446 acati-‘hic
240 2369 452 2436 ἐπανὲσεισεν.
503 2363 533 2430 οἱ
555 2366 590 2431 δὲ
613 2364 671 2444 τάς
689 2370 944 2450 βεβουλευμένος
974 2368 1084 2440 adroic
1108 2366 1212 2452 φυγῆς

9 2557 10 2566 ¹
108 2468 328 2552 ἀπεχόμενοι,
349 2468 405 2534 καί
424 2472 486 2534 τῶν
508 2467 599 2543 ἐκτὸς
633 2469 868 2553 προσδοκῶντες
887 2465 944 2550 τὴν
966 2465 1091 2552 ἔφοδον,
1113 2476 1213 2548 παρέι·

104 2570 297 2648 σκευάζοντα
325 2570 403 2653 πρὸς
422 2568 480 2653 τὴν
509 2567 625 2648 ἔξοδον.
647 2639 651 2645 ,
677 2569 721 2646 ῶς
741 2571 777 2634 δὲ
799 2570 854 2634 καί
875 2563 892 2630 ὅ
916 2571 1033 2642 Φωκεῖς
1056 2563 1214 2650 πετροβὸν

9 2710 10 2737 ÷
106 2679 175 2749 λοις
188 2671 331 2757 ἐργάτας
343 2669 420 2747 τοάς
442 2670 495 2737 ε’πί
509 2669 573 2738 τῶν
584 2673 697 2755 τειχῶν
718 2667 929 2754 άντημάνατο,
953 2669 1090 2738 κάκεῖνοι
1103 2671 1239 2747 λίδους-

185 2831 229 2884 15.
249 2834 403 2905 προβολαῖς
424 2832 454 2885 0.
542 2832 585 2886 20.
604 2833 652 2899 τῆς
669 2828 912 2902 βεβουλευμένηςλ

108 3013 169 3052 auru
187 3004 285 3050 terram
303 2998 417 3051 rediret:
437 3006 517 3067 atque
544 3006 601 3050 crat
625 2997 677 3049 hoc
697 2997 850 3063 expeditum
879 2995 986 3064 quidem
1007 2979 1167 3048 adversariis
1187 3001 1215 3048 et
1248 3047 1252 3054 ,

109 3071 255 3139 optimum,
275 3070 434 3122 inevitabile
461 3077 549 3122 autern
574 3070 699 3123 Romanis
725 3084 810 3136 usqua
835 3068 867 3118 ad
895 3066 997 3117 cladem
1022 3061 1169 3118 absolutam
1189 3073 1216 3118 et

108 3143 318 3194 confectionem.
346 3143 413 3194 deus
431 3151 529 3206 autern,
550 3142 594 3210 qui
614 3149 697 3192 ratam
714 3140 780 3190 iacit
800 3138 964 3190 voluntatem
979 3152 1070 3188 eorum
1090 3138 1135 3204 qui
1156 3153 1215 3188 cunr

109 3221 257 3277 verentur,
276 3214 377 3279 aliurn,
395 3217 441 3281 qui
460 3215 512 3264 hoc
530 3221 682 3280 pateretur,
710 3211 812 3277 inpium
832 3219 858 3260 et
881 3211 1015 3261 incautum
1041 3209 1134 3259 ducem
1153 3207 1215 3277 dig.

110 3303 172 3339 num
192 3301 253 3338 esse
272 3287 409 3351 iudicavit,
429 3293 534 3338 cautum
553 3293 640 3335 autern
668 3291 694 3334 et
712 3283 821 3345 iustum,
849 3280 935 3349 qualis
956 3287 1012 3331 crat
1030 3279 1142 3342 Phocus,
1162 3295 1215 3330 ne.

111 3373 252 3427 quaquam.
290 3367 433 3425 propterea
454 3359 532 3409 etiam
552 3356 654 3408 duobus
668 3354 808 3408 Saracenis
828 3351 969 3404 consilium
988 3353 1076 3404 iniicit
1094 3351 1215 3403 trausiu.

111 3431 203 3499 giendi
229 3430 263 3481 ad
280 3431 412 3481 Romanos
439 3438 465 3481 et
483 3429 589 3484 Phccae
615 3426 769 3480 declarandi
796 3423 865 3476 tales
889 3424 1015 3476 insidias:
1045 3422 1216 3491 quiquidem

112 3502 244 3554 etiamad
264 3517 323 3553 euru
341 3509 474 3554 uenerunt
499 3509 526 3551 et
549 3506 683 3553 secretum
711 3494 880 3549 declarantes
898 3496 983 3563 magis
1000 3503 1136 3546 strenuum
1155 3507 1215 3544 euru

112 3575 292 3626 reddiderunt.
312 3573 380 3624 nihil
400 3575 482 3642 igitur
502 3579 640 3624 cunctatus
659 3571 767 3622 iustruit
795 3569 951 3630 exereitum,
971 3575 1054 3634 atque
1069 3565 1131 3617 inde
1149 3579 1215 3632 pro.

87 3695 93 3708 ,
113 3646 200 3698 iectus
218 3653 301 3696 noctu
321 3660 379 3695 cum
397 3646 534 3697 uniuersis
554 3643 709 3713 aggreditur
728 3640 810 3704 illos,
831 3640 876 3709 qui
896 3639 1030 3690 etiamtum
1049 3638 1215 3690 extrinsecus

113 3719 138 3769 in
158 3719 254 3770 castris
274 3724 365 3780 eraut,
387 3725 414 3767 et
439 3725 543 3768 terrens
571 3731 617 3767 eos
643 3713 761 3764 clamere
783 3711 885 3764 bellico
912 3719 938 3762 et
961 3712 1089 3762 instructa
1113 3710 1171 3760 acie
1189 3714 1219 3760 et

113 3790 190 3844 factis
209 3789 336 3857 utrinque
361 3789 517 3855 praesidiis,
541 3789 569 3839 iu
596 3787 686 3852 fugam
713 3784 850 3836 confusam
875 3797 923 3834 eos
946 3784 1045 3850 coegit,
1065 3789 1092 3832 et
1110 3780 1219 3832 multem

114 3862 222 3912 caedem
241 3874 332 3911 eurum
352 3859 454 3911 iaciens
475 3867 555 3926 atque
576 3872 679 3910 omnem
698 3871 810 3924 gravem
831 3863 987 3907 armaturam
1007 3869 1098 3904 eorum
1118 3866 1220 3920 eosque

114 3935 185 4000 ipsus
207 3930 301 3984 delens
320 3930 446 3985 dissolvit
465 3945 579 3993 curnem,
606 3929 651 3996 qui
670 3928 734 3979 iude
753 3927 840 3989 fieret,
860 3935 976 3988 metum,
996 3932 1023 3974 et
1042 3938 1145 3974 omnem
1163 3923 1220 3976 vim

114 4005 220 4058 insulae
237 4002 356 4055 sustulit.
394 4001 579 4070 ignorantibus
605 4006 709 4061 auteur,
738 3999 785 4065 qui
809 3999 880 4046 intus
900 4003 984 4058 eraut,
1005 3993 1111 4058 factum,
1131 4008 1219 4062 ορριι-

51 4111 55 4113 Α
115 4077 268 4144 gnatienem
287 4075 320 4127 iis
339 4075 430 4127 statim
447 4076 541 4125 mevit.
589 4071 631 4123 iiii
651 4079 739 4122 autem
759 4075 874 4120 statutae
899 4081 963 4120 ase
983 4065 1065 4134 fugae
1083 4066 1221 4121 studentes

116 4155 253 4202 eteorum
271 4147 318 4214 gui
338 4154 412 4198 extra
437 4140 529 4209 eraut,
550 4149 736 4211 exspectantes
764 4140 916 4202 adventurn,
935 4139 1122 4195 excursionem
1140 4153 1221 4205 gara·

115 4218 186 4284 baut,
222 4233 284 4294 cuna
302 4226 392 4275 οτιιεει
417 4225 445 4270 et
467 4215 571 4274 Phocea
601 4213 732 4270 machinis
758 4209 925 4288 iaculatoriis
950 4223 996 4264 cos
1021 4211 1067 4280 qui
1094 4207 1222 4274 inmunis
