2967 4825
433 196 490 216 ”
571 202 782 283 uisnoun.
912 210 932 218 '‘
1031 231 1033 241 ¹
1151 200 1227 289 tit

41 384 49 406 ’ν
126 388 248 453 μαχος·
297 374 355 436 τοῦ
382 375 444 459 γάρ
474 380 632 457 βασιλέως
663 382 733 444 κατ’
759 384 859 447 έκεῖνο
890 382 947 460 τάς
958 366 1147 468 1’.Ρωμαόἰιάς
1165 388 1228 453 άυ-

128 468 238 550 νάμεις
279 474 471 553 ἐλάσαντος,
519 484 764 565 καταπληκτικοὶ
792 485 851 562 μὲν
889 485 1008 567 άγάνις
1041 489 1098 553 καί
1124 485 1229 571 μάχαι

128 582 317 693 περιφανεῖς
346 600 397 640 και
429 583 617 665 πανημέριοι
639 587 894 669 συνερράγησαν,
924 588 1077 669 ον’λεμιάς
1099 590 1134 654 δὲ
1156 586 1230 653 πυά-

68 696 73 704 ·
127 698 193 740 των
213 670 229 740 6
249 675 463 764 Βυτανειάτης
484 684 741 765 έναπολέλειπνσ,
764 684 832 750 ἀλλ’
853 686 1083 813 inpatienti
1043 714 1066 773 μ
1086 710 1102 753 ν
1122 684 1227 774 ὥσπερ

98 772 221 849 bsac‘
207 778 431 863 εκατοντάχειρ
459 808 512 847 και
509 785 681 870 δεύτερος
699 781 906 870 Ἡρακλῆς’
887 815 905 872 η
937 788 1016 909 υμὲρ
1049 788 1103 855 τὸν
1128 786 1229 876 Ἡρα-

125 879 241 943 κλέα’
225 888 342 943 εκεῖνον
363 890 428 957 τοῖς
449 878 598 959 άθλοις’
583 887 828 968 επιγαννάμενον
850 889 905 975 (σά
926 888 987 974 γάρ
991 891 1228 1056 ὲτριμκαιάέιωο
1238 897 1356 955 rotor.

124 1000 179 1043 τον
200 972 302 1045 άθλον
324 983 393 1047 ἄλλ’
415 980 697 1053 ἓκακονταπλάσιον
718 980 845 1076 ἤνυεν),
867 989 1006 1057 taneos
1027 990 1145 1073 κάμνον
1167 988 1229 1057 ἕω·

126 1082 205 1165 ράτο
228 1106 280 1146 και
303 1094 499 1151 καταπῖπτον
532 1090 626 1171 κέρας
642 1089 831 1172 Ῥωμαϊκόν,
852 1096 954 1158 ἐκεῖσε
975 1091 1230 1176 καταλαμβάνων

126 1180 226 1260 ου’τάς
249 1184 398 1251 α’νεκτάτο
419 1186 455 1251 τά
478 1187 660 1272 άνιάμενον,
683 1196 739 1256 καί
759 1192 902 1278 θάρσους
927 1199 1055 1280 πληρῶν
1077 1191 1232 1276 abactae&

82 1298 116 1355 10
127 1308 218 1369 τερον
242 1286 342 1349 έποίει
376 1292 432 1354 καί
450 1294 539 1353 νικᾶν
568 1290 794 1375 παρεσκεύαζε.
851 1298 952 1359 ταῦτα
991 1295 1047 1359 οάκ
1078 1296 1132 1360 έπί
1151 1297 1230 1376 μιάς

126 1387 330 1511 ἐκστρατείας
350 1393 405 1473 τῆς
434 1392 514 1455 κατά
537 1396 600 1457 τάν
622 1395 782 1477 Ἁβασγῶν
805 1399 892 1515 αρ’τηῖ
917 1394 1122 1483 διηγάνιστο,
1144 1396 1225 1463 άλλά

126 1490 183 1553 καί
202 1490 253 1553 ε’πι
249 1487 438 1575 ’δευτέρας
494 1495 543 1568 teg
571 1494 631 1577 γάρ
668 1495 802 1618 ὃβασιὲ
805 1498 860 1574 erig
889 1508 954 1574 τοῖς
981 1500 1151 1583 Ἀβασγοϊς
1172 1497 1228 1563 τὸν

125 1594 264 1673 πόλεμον
283 1595 467 1660 ε’πιτὲθεικε
511 1595 567 1660 καί
590 1622 625 1685 τη
612 1601 703 1678 μὲν
720 1594 828 1722 πρράτη
849 1598 1020 1691 μαχησμάς
1042 1600 1151 1676 άπλεάς
1172 1624 1230 1666 νιε-

126 1697 268 1777 ριγέγονε
288 1718 340 1758 και
357 1686 436 1779 ἧττα
453 1700 516 1761 τάν
534 1698 710 1782 Ἀβασγάν,
735 1723 772 1763 ου
767 1700 944 1785 ’παντελης
963 1704 999 1767 δὲ
1014 1726 1230 1790 καταστροφη
1286 1784 1289 1787 ¹

85 1806 116 1861 15
126 1820 165 1883 τη
152 1796 323 1885 δευτέρη
344 1799 380 1861 δὲ
401 1800 548 1882 σφοδράς
575 1804 741 1885 γενομένης
775 1807 829 1866 καί
853 1806 1024 1889 φιλοτίμου
1047 1805 1103 1887 τῆς
1124 1827 1232 1889 παρα-

126 1896 244 1976 τάξεως
272 1898 377 1974 οάδείς
406 1902 465 1981 μὲν
480 1899 649 1984 Ῥωμαίων
681 1904 811 1993 θανάτῳ
831 1908 1089 1990 περιπέπτωκεν,
1113 1900 1134 1991 ἢ
1156 1900 1232 1971 ὅσον
1279 1984 1290 1999 ο

125 1999 342 2085 εάαρίθμητοι
373 2003 428 2065 κατ’
449 2005 512 2067 τῶν
541 1996 672 2087 ἀσήμων
703 2010 803 2091 τινές,
828 2009 1024 2091 τραυματίαι
1056 2011 1092 2072 δὲ
1123 2010 1234 2072 πολλοί
1310 2038 1313 2043 ·

125 2101 366 2190 κατεφάνησαν,
397 2108 459 2169 τάν
489 2108 520 2168 δ’
539 2106 703 2189 Ἀβασγῶν
730 2105 828 2193 φόνος
850 2108 1012 2191 άπείριτος
1033 2112 1149 2195 γέγονε,
1170 2110 1233 2174 τῶν

125 2208 185 2285 μὲν
206 2207 240 2268 έν
274 2208 314 2293 τῇ
336 2211 482 2294 συμβολῇ
510 2208 568 2271 τοῦ
588 2212 727 2288 πολέμου
760 2211 1030 2291 θανατωθέντων,
1057 2214 1120 2275 τάν
1141 2213 1177 2275 δὲ
1199 2208 1231 2276 έν

21 2397 22 2400 ¹
83 2308 172 2396 20er
195 2302 325 2394 φεάγειν
344 2305 511 2373 πεσόντων.
556 2312 729 2385 παντελοῦς
758 2308 816 2394 γάρ
841 2315 1007 2394 γενομένης
1030 2305 1137 2378 αάτοὸν
1156 2332 1231 2397 τρο-

127 2411 188 2494 πῆς
210 2413 266 2474 καί
282 2408 438 2492 διώξεως,
471 2413 649 2495 άκσρέστονς
671 2410 701 2477 οἱ
717 2413 871 2495 Ῥωμαῖοι
901 2415 989 2500 δίκην
1010 2415 1129 2498 άγρίων
1149 2436 1230 2500 προ-

126 2511 234 2596 βάτων
262 2509 392 2588 τούτους
419 2517 584 2577 κατέθυον.
643 2512 738 2578 ὁπότε
772 2513 827 2578 καί
861 2513 877 2577 6
920 2513 1039 2580 τούτων
1068 2511 1231 2601 ἐθνάρχης

130 2613 176 2697 (Γ
174 2610 306 2696 εάργιος
339 2613 359 2698 ἦ
378 2616 487 2698 κλῆσις
509 2615 611 2703 αὐτῷ)
643 2616 697 2680 έπί
715 2611 818 2703 λόφου
839 2613 1005 2698 ἱστάμενος
1032 2619 1088 2682 καί
1110 2615 1146 2682 sb
1169 2613 1232 2682 τῶν

128 2713 296 2797 Ῥωμαιων
326 2714 536 2799 καταπλαγείς
569 2715 734 2801 σύνταγμα
769 2722 824 2784 καί
858 2719 1053 2806 σνγκίνημα,
1081 2720 1136 2784 κατ’
1155 2721 1232 2805 παρ’

204 2896 230 2948 5.
249 2909 284 2947 au
302 2897 351 2949 καλ
369 2893 441 2966 ὑπὲρ
460 2925 495 2938 --
513 2895 763 2970 ἓπτγαννάμενοςλ

130 3075 179 3114 nos
199 3059 320 3123 duceret,
339 3060 513 3113 formidolosa
534 3061 677 3112 certamina
697 3068 724 3112 ct
741 3075 848 3129 pugnae
868 3060 987 3114 illustres
1001 3069 1027 3112 et
1038 3061 1150 3114 diurnae
1161 3063 1231 3114 ‘con-

131 3131 307 3186 serebantur:
327 3131 355 3183 in
373 3131 448 3183 nulla
467 3141 555 3184 autem
573 3131 665 3183 barum
684 3133 839 3184 Botauiates
860 3132 979 3184 relictus·
994 3141 1049 3184 est:
1070 3133 1117 3184 sed
1142 3141 1231 3185 certa.

129 3206 175 3258 bat
194 3211 319 3272 tauquam
340 3204 505 3255 centimanus
525 3212 552 3256 et
568 3204 637 3256 alter
658 3203 788 3256 Hercules
814 3203 859 3255 vel
883 3219 962 3271 supra
989 3203 1130 3256 Herculem
1154 3204 1231 3256 illam

130 3275 321 3328 certaminibus
338 3275 457 3328 laetum:
475 3277 651 3346 nequeenim
670 3276 925 3334 decimumtertium
945 3283 1078 3327 certamen
1097 3276 1143 3327 aed
1164 3291 1230 3327 cen-

129 3348 217 3416 tipiex
234 3346 400 3420 perficiebat.
426 3346 471 3400 ubi
490 3346 710 3401 autemlaboraus
729 3347 945 3415 conspiciebatur
958 3355 984 3398 et
1003 3347 1128 3400 decidens
1148 3361 1230 3399 cornu

128 3421 277 3474 Romanum
296 3418 333 3471 ibi
353 3421 488 3487 accipiens
507 3421 566 3486 ipse
593 3419 751 3472 restituebat
775 3427 914 3484 vexatum,
945 3428 971 3471 et
998 3420 1086 3470 auimo
1116 3419 1230 3487 implens

130 3493 228 3544 fortius
243 3491 371 3542 reddebat
390 3499 417 3542 et
435 3491 469 3544 ad
487 3493 628 3544 victoriam
646 3491 773 3558 parabat·
794 3491 860 3543 haec
879 3506 932 3542 uon
951 3493 979 3542 in
998 3506 1052 3542 una
1070 3490 1117 3542 illa
1137 3499 1231 3543 contra

129 3561 254 3632 Abasgos
274 3564 447 3630 expeditione
466 3564 499 3615 ab
519 3579 551 3615 eo
569 3573 679 3631 peracta
695 3572 766 3648 sunt,
788 3565 834 3616 sed
855 3565 933 3616 etiam
952 3563 1084 3616 inaltera.
1104 3563 1145 3615 his
1159 3563 1230 3613 enim

130 3651 180 3688 rex
190 3635 305 3702 Abasgis
318 3635 439 3687 bellnm'
432 3637 558 3702 imposuit
572 3644 652 3703 atque
666 3637 751 3702 primo
766 3637 871 3704 quidem
882 3647 977 3704 pugna
989 3630 1147 3702 simpliciter
1159 3635 1231 3686 iacta

132 3716 172 3761 est
191 3715 219 3758 et
238 3706 329 3759 clades
343 3707 521 3775 Abasgorum,
540 3723 629 3774 neque
648 3723 715 3759 vero
738 3708 859 3773 perfecta
884 3709 1011 3760 eversio:
1031 3707 1117 3759 altera
1143 3715 1230 3760 autern

130 3781 186 3832 acri
207 3779 278 3830 iacta
298 3787 324 3830 et
343 3781 460 3832 studiosa
478 3781 538 3832 acie
561 3794 640 3830 nemo
666 3780 844 3831 Romanorum
869 3789 980 3832 mortem
1006 3779 1150 3843 occubuit,
1178 3779 1230 3830 uisi

130 3853 258 3920 perpauci
278 3861 357 3921 atque
378 3867 410 3903 ex
440 3853 555 3915 infimis,
583 3850 718 3902 vulnerati
748 3860 836 3903 autem
860 3850 936 3902 multi
959 3857 1156 3917 apparuerunt·
1182 3849 1230 3901 aed

129 3925 298 3993 Abasgoram
316 3923 412 3974 caedes
433 3923 536 3974 infinita
555 3922 625 3973 sacta
644 3930 702 3984 est,
731 3919 819 3974 aliis
813 3937 840 3972 m
860 3937 991 3974 concursu
1020 3921 1085 3972 belli
1110 3921 1228 3984 occisis,

21 4030 22 4037 ο
47 4036 48 4039 ¹
130 3997 218 4049 aliis
210 4013 239 4047 ru
258 3996 322 4064 iuga
341 3995 512 4047 cadentibus.
532 3995 613 4062 plena
633 3995 703 4044 euim
722 3992 805 4044 iacta·
803 4008 903 4044 eorum
915 3993 1226 4061 iugaetpersecutione‚

130 4067 278 4122 insatiabili
302 4068 380 4119 modo
397 4068 508 4118 Romani
527 4067 617 4132 ovium
637 4066 752 4116 ferarum
772 4066 854 4118 instar
875 4063 924 4116 hos
951 4062 1102 4128 necabant,
1115 4063 1226 4132 quando

130 4143 209 4194 etiam
228 4141 323 4193 borum
341 4139 463 4192 centurio
483 4126 608 4207 (Georgii
628 4139 666 4189 ei
673 4145 729 4190 erat
746 4137 885 4206 nomeu)
878 4152 906 4188 rn
928 4134 1092 4190 collaetans
1119 4143 1147 4188 ot
1169 4133 1226 4187 rto.
1293 4132 1303 4139 ’
