2967 4825
239 197 315 276 362
540 194 760 264 lllfflfflals
789 171 1048 256 ΑΠΛΒῘΟΓΓΔΕ
1209 184 1215 194 ’

240 367 399 451 ἐχόμενος,
420 358 471 423 καί
492 354 612 436 νόκτωρ
636 376 687 416 και
683 351 782 430 μεθ
804 347 927 432 ἡμέραν
946 349 1012 418 τοϊς
1037 342 1224 410 καθολικοίς
1240 331 1342 418 πράγ.

239 489 338 548 μασιν
361 459 590 545 ἐπαγρυπνῶν,
612 478 663 519 και
659 455 783 518 δικῶν
805 442 962 532 ἀκροατής
979 445 1013 508 ἐν
1035 448 1106 514 ταῖς
1145 432 1344 502 ἀνέσεσικα-

239 565 427 647 θιστάμενος
449 561 505 624 καί
526 559 641 638 κρινων
663 549 809 638 όρφανόν
838 551 894 612 καί
915 549 1049 609 δικαιῶν
1067 539 1172 625 χήραν
1192 535 1275 602 κατά
1308 532 1342 598 τό

238 672 327 732 θεῖον
349 664 472 748 λόγιον,
492 683 543 723 και
540 657 780 729 παντοδαπαῖς
801 652 963 718 ἐπιδόσεσι
985 645 1194 732 χαρισμάτων
1223 641 1278 703 καί
1298 641 1344 700 τι·

238 771 307 850 μῶν
328 763 565 848 καταγεραίρων
589 755 643 822 διά
664 749 784 830 παντός
807 748 841 817 τό
860 745 1006 834 όπήκοον,
1026 747 1102 810 οάόέ
1125 740 1180 806 τόν
1199 733 1347 822 νοκτερι-
1353 765 1369 818 5

238 868 293 936 νόν
315 867 431 950 χρόνον
451 860 513 939 ἔξω
533 862 596 924 τῶν
618 853 736 921 ἑαυτου
724 847 1011 930 σπονδοσμάτων
1033 848 1163 929 ἐτίθετο,
1186 843 1269 907 ἀλλά
1282 848 1347 916 τοῖς

238 971 374 1052 βιβλίοις
398 988 448 1027 και
477 968 546 1035 ταῖς
576 954 790 1040 ἀναγνώσεσιν
819 943 1025 1022 ἐπιδιάοόςι
1012 942 1138 1011 εαοτόν·
1154 945 1347 1025 πολοιστσρα

239 1093 293 1133 και
288 1063 520 1150 μεμνημένον
541 1057 578 1124 τά
608 1063 683 1122 θεία
707 1055 855 1138 περιίστα
879 1074 930 1115 και
956 1045 995 1114 τά
1025 1042 1225 1129 ἀνθρώπινα.
1270 1047 1347 1124 ἐμί-

213 1234 217 1240 ,
240 1177 316 1253 λησε
338 1169 365 1230 δ’
387 1164 472 1252 αότηό
492 1187 543 1226 και
568 1162 703 1241 νομικῶν
723 1149 964 1278 διαταγμάτων,
985 1173 1038 1213 και
1035 1146 1265 1230 διορθώσεως
1285 1145 1347 1210 τῶν

240 1266 551 1384 ἀμφισβητουμένων
574 1262 757 1344 δογμάτων,
778 1281 830 1322 και
827 1254 1051 1333 καταστολής
1072 1251 1135 1315 τῶν
1155 1250 1345 1328 τικτομενων
1356 1266 1385 1320 10

242 1373 275 1448 ἐξ
296 1361 400 1432 αόιῶν
422 1366 591 1445 κοδοιμῶν.
638 1357 687 1424 διό
712 1357 767 1422 καί
794 1357 851 1421 ro6
873 1354 947 1436 περί
978 1355 1040 1416 τῶν
1060 1352 1264 1432 μαινομένων
1285 1372 1346 1412 σο-

242 1472 355 1533 νοίκων
377 1466 551 1550 κεφαλαίου
580 1463 842 1544 διακλονηθὲντος
862 1460 939 1520 ποτέ
959 1456 1135 1538 θεραπειαν
1156 1445 1348 1533 ἀκριβεστά-
1450 1480 1451 1538 χ

242 1593 297 1653 την
317 1571 357 1656 τῇ
381 1562 618 1682 ἀμφισβητήσει
641 1561 852 1644 κηδεμονικῶς
879 1555 1062 1640 ἐπεζήτησε.
1107 1555 1161 1617 καί
1180 1545 1348 1636 εόρῶνότι
1451 1558 1452 1616 l

244 1666 260 1732 6
284 1671 318 1733 ἐν
345 1667 533 1754 αοιδιιιιρ
494 1691 539 1752 τη
554 1663 639 1746 λήξει
659 1657 812 1743 βασιλεός
835 1663 924 1740 κῦρις
946 1653 1175 1738 Λάωνέγραψε
1196 1658 1257 1736 μὲν
1277 1675 1350 1715 νεα.
1452 1681 1454 1761 η

243 1767 303 1854 ράν
325 1792 396 1849 περι
418 1763 546 1846 τοότων,
567 1762 759 1847 σονεχοόσθη
775 1763 867 1826 66
823 1785 865 1824 ιω
848 1757 984 1884 χρόνῳ
1009 1781 1059 1822 και
1083 1752 1243 1838 ἄπρακτος
1258 1751 1348 1836 ἔμει.
1333 1777 1387 1830 .15
1454 1801 1455 1826 ,

242 1894 312 1949 νεν,
334 1867 482 1952 ἀνήγειρε
508 1865 629 1949 ταότην
647 1867 807 1928 πεσοῦσαν
828 1863 883 1925 καί
903 1859 938 1924 τό
969 1859 1084 1942 κράτος
1108 1858 1350 1942 ἀπεψηφίσατο,
1455 1882 1456 1902 ³

242 1970 397 2035 κάλλιστα
421 1969 552 2050 προθείς
577 1965 636 2041 τάς
659 1965 788 2046 αἰτίας,
816 1966 871 2027 καί
892 1960 969 2047 πρὸς
992 1957 1028 2024 τό
1058 1959 1295 2044 μεγαλοπρεπές
1316 1981 1348 2022 τε
1456 1961 1457 1972 ’

243 2071 300 2137 καί
319 2068 516 2150 δικαιότερον
536 2070 569 2146 ἐξ
592 2067 751 2153 ἀφορμῶν
772 2064 914 2147 εάλόγων
943 2062 1174 2146 περικαλλόνας
1208 2061 1244 2124 τό
1270 2065 1350 2126 θέσ-

219 2244 221 2247 ,
245 2196 360 2254 πισμα,
384 2164 476 2253 ὅρους
496 2190 531 2231 τε
552 2169 648 2244 τάξας
665 2168 720 2250 τής
743 2169 860 2247 μανιάς
882 2168 937 2228 καί
967 2161 1104 2247 τρόπους
1131 2165 1186 2226 καί
1210 2162 1348 2246 χρόνιος

245 2274 418 2354 ὑπομονῆς,
441 2271 495 2333 καί
515 2268 685 2353 τηνικαῦτα
716 2267 750 2332 τό
789 2268 955 2350 διαζόγιον
987 2261 1248 2347 προτρεψάμενος
1275 2257 1389 2338 ότσννο
1460 2286 1461 2314 ι

244 2374 414 2460 θηριωδῶς
436 2370 454 2453 ή
477 2368 568 2447 νόσος
592 2374 776 2455 ἐκμαίνηται
806 2365 861 2432 καί
884 2370 926 2455 τῷ
950 2370 1145 2432 σονοικοόντι
1172 2368 1351 2449 καθορᾶται
1461 2366 1462 2415 l

245 2474 413 2560 ἀφόρητος,
437 2472 492 2537 καί
511 2470 527 2537 ό
546 2468 662 2556 χρόνος
681 2469 738 2557 τήν
760 2471 873 2536 ἐλπίδα
894 2472 950 2552 τῆς
961 2470 1136 2554 θεραπείας
1157 2468 1288 2556 ἀπείπη,
1300 2469 1352 2531 καί

243 2572 280 2643 τό
304 2572 408 2641 δεινόν
430 2573 653 2660 όπεραίρηταα

317 2762 361 2815 22·
381 2763 515 2835 ἀφόρητα
535 2759 565 2814 0.

245 2950 364 3020 rigitur
384 2958 412 3001 et
432 2965 570 3009 causarum
585 2950 690 3002 auditor
708 2953 736 3003 in
748 2950 918 3015 remissione,
940 2958 966 3001 et
984 2950 1105 3004 indicans
1125 2950 1216 3004 orbum
1237 2959 1264 3003 et
1282 2953 1351 3003 iuste

246 3030 364 3076 ετκειιιιε
382 3022 488 3075 viduam
507 3023 652 3075 secundum
672 3022 791 3075 divinum
809 3023 906 3074 dictum
930 3030 956 3073 et
974 3022 1056 3075 variis
1074 3021 1275 3075 accessionibus
1295 3023 1351 3076 lar-

246 3096 377 3163 gitionum
397 3094 572 3145 othonorum
593 3108 690 3146 ornans
705 3095 813 3146 omnino
833 3093 979 3158 subiectos,
999 3108 1033 3143 ne
1052 3095 1139 3145 noctis
1158 3094 1264 3162 quidem
1283 3103 1351 3146 tcm-

176 3186 181 3202 ·
207 3226 214 3232 ‚
264 3181 296 3217 us
317 3174 398 3220 extra
411 3180 458 3216 sua
477 3166 564 3217 studia
581 3165 713 3231 ponebat:
733 3165 780 3219 sed
798 3164 889 3216 bibliis
912 3172 939 3216 et
956 3164 1118 3218 lectionibus
1137 3165 1200 3217 dans
1221 3182 1282 3219 sese
1301 3180 1352 3233 po-

244 3182 405 3303 6ybistorcnr
433 3244 460 3287 et
477 3237 608 3288 initiatum
629 3236 709 3288 rebus
734 3237 833 3289 divinis
862 3236 1041 3289 constituebat
1059 3240 1086 3287 et
1105 3236 1234 3289 humanis.
1273 3251 1352 3288 curae

247 3314 323 3361 eraut
337 3309 362 3359 ei
382 3309 461 3359 etiam
481 3289 571 3375 [egum
591 3309 798 3361 constitutiones
818 3316 844 3359 ct
865 3309 1064 3363 emendationes
1084 3309 1229 3375 ancipitum
1248 3309 1353 3361 edicto·

245 3394 304 3432 rum
324 3386 351 3429 et
369 3379 578 3447 compositiones
604 3379 739 3432 turbarum
759 3395 827 3447 quae
851 3393 884 3430 cx
909 3380 943 3430 iis
961 3388 1145 3434 nascerentur.
1184 3380 1353 3450 quamohrem

247 3450 327 3503 etiam
346 3465 406 3501 cum
426 3458 506 3516 caput
522 3451 557 3502 de
578 3450 687 3503 furiosis
714 3450 874 3520 coniugibus
899 3449 1041 3520 aliquando
1060 3452 1254 3521 disceptaretur
1274 3466 1353 3505 cura.

246 3523 347 3574 tionem
378 3522 603 3574 accuratissimam
628 3522 787 3574 dubitationi
816 3523 936 3574 studiose
963 3524 1113 3592 quaesivit:
1145 3533 1171 3575 ct
1202 3526 1353 3589 inveniens,

247 3593 339 3645 divum
357 3607 449 3661 regem
475 3593 608 3645 dominum
632 3594 749 3647 Leonem
776 3594 918 3661 scripsisse
937 3594 1073 3647 novellam
1094 3594 1127 3645 de
1146 3594 1197 3659 bis,
1218 3594 1354 3649 confusam

247 3670 335 3715 autem
368 3679 428 3714 csse
448 3679 505 3714 eam
525 3673 658 3718 vetustate
688 3675 714 3717 et
733 3667 835 3717 irritam
854 3666 996 3731 mansisse,·
1014 3668 1187 3720 resuscitavit
1205 3666 1274 3719 bano
1293 3667 1354 3736 lap-

248 3749 304 3788 sam
322 3740 348 3783 et
365 3737 511 3799 potentiam
532 3737 557 3785 ei
575 3736 687 3801 addidit,
719 3736 900 3804 pulcherrime
919 3738 1048 3791 adiiciens
1077 3753 1170 3791 causas
1190 3746 1217 3791 ct
1231 3740 1354 3808 magnifl-

248 3804 353 3857 centins
381 3811 407 3855 et
433 3804 528 3857 iustius
558 3822 591 3858 ex
612 3809 804 3860 'occasionibus
824 3808 1007 3876 probabilibus
1034 3810 1165 3863 adornans
1186 3811 1310 3877 edictum,
1330 3819 1355 3863 et

247 3876 316 3929 lines
335 3876 499 3928 constituens
519 3878 616 3931 luroris
636 3890 662 3932 et
679 3882 772 3933 modos
787 3872 813 3933 et
831 3889 951 3949 tempora
966 3882 1121 3949 patientiae,
1141 3890 1221 3951 atque
1240 3890 1295 3935 tum
1314 3884 1354 3935 di-

247 3947 366 3999 vortium
383 3962 557 4015 proponens,
590 3967 648 4003 cum
668 3953 771 4007 bestiae
791 3955 875 4006 instar
900 3953 1007 4005 morbos
1028 3953 1130 4005 fureret
1157 3962 1184 4005 et
1203 3955 1354 4008 contuber-
1390 4000 1397 4011 ,

249 4016 309 4069 nali
327 4029 470 4086 appareret
498 4022 679 4079 intolerabilis
705 4033 733 4079 et
756 4034 859 4093 tempus
885 4040 959 4093 spem
989 4026 1134 4080 curationis
1154 4032 1261 4079 vetaret
1277 4034 1354 4097 atque

251 4088 402 4158 periculum
420 4100 572 4163 raperetur
