2967 4825
569 162 782 270 nisuoamss
996 161 1007 171 '¹
1146 183 1220 275 ενι
1300 299 1302 303 ¹

118 343 306 439 ἀλλος,καί
324 353 419 440 λύγου
439 359 550 445 καιρὸν
573 365 626 425 καί
626 359 1015 445 σιωπῆςέπιστάμενυς.
1037 387 1089 427 κιιι
1110 363 1222 428 τοσού-

118 478 175 518 τον
197 481 257 518 οτι
263 457 317 520 καί
338 459 475 537 δικάζων
491 487 541 524 και
538 458 762 584 ύιάγνωσιν’
748 464 917 546 επιφίριον,
929 462 984 562 καί
1002 468 1063 526 τών
1084 466 1224 545 ἀντικρι-

119 558 262 634 νομένων
283 559 394 643 φωνάς
418 558 574 636 ἀτάκτους
607 562 765 646 ἀφιέντων
795 565 944 638 πολλάκις
964 556 1044 646 πρὸς
1068 561 1223 685 ἀλλήλους

121 656 179 717 καί
203 654 389 740 πληκτικάς,
421 659 521 744 αύτὴν
551 665 672 746 ἐκείνην
703 663 809 746 ἐτήρει
836 689 892 745 την
923 667 984 728 τών
1015 662 1158 746 λύγων’
1139 665 1222 747 ηχὴν

93 757 248 839 σύμμελῆ
268 782 302 821 τε
323 763 377 824 καί
397 758 565 849 ἔμμουσον,
587 763 642 826 καί
660 764 756 846 ἀργῆς
776 762 862 844 ἴχνος
884 758 904 846 ἢ
927 767 1003 846 βοῆς
1025 768 1168 844 μείζονος
1191 765 1224 827 ίν

124 857 214 944 αύτῷ
236 861 293 921 ούκ
317 862 534 926 ἐπολιτεύετο·
577 858 743 946 ύβρειςβὲ
774 868 813 926 ου’
833 866 929 944 μόνον
951 865 1033 928 τισίν
1061 865 1117 926 ούκ
1150 865 1224 928 ἔπε’·
1268 872 1271 877 ’

122 959 335 1055 τριβενάλλά
349 962 404 1025 καί
423 961 495 1038 τούς
515 962 669 1046 ὑβριστάς
690 967 804 1045 ἐμίσει.
829 957 865 1046 ἦν
885 962 944 1049 γάρ
969 967 1155 1048 ἐπιτιμῆσαι
1164 967 1225 1044 μὲν

124 1058 245 1143 πρᾶος,
259 1063 424 1126 ἐπαινέσαι
446 1065 480 1128 δὲ
502 1063 713 1140 παιδευτικός.
811 1133 814 1140 A

177 1164 180 1178 '
227 1163 270 1225 Εί
290 1164 332 1225 db
346 1167 401 1226 καί
421 1164 450 1230 οἱ
473 1161 526 1230 διά
550 1172 672 1230 πολλών
693 1170 753 1231 τών
774 1169 926 1232 ἐνιαυτῶν
948 1164 1049 1256 τούτῳ
1072 1169 1226 1251 ἐξυπηρε-

81 1280 115 1333 10
124 1259 298 1346 τησάμενοι
321 1263 398 1346 πρὸς
420 1265 461 1347 τὸ,
480 1259 556 1350 ἦθος
580 1268 679 1331 αυίού
701 1272 757 1332 καί
778 1266 834 1351 τὴν
860 1267 1095 1350 καλοκαγαθίαν
1111 1289 1227 1349 perep-

127 1358 292 1446 ρ’ύθμισαν
314 1365 373 1441 τάς
391 1367 519 1448 γνώμας
542 1363 646 1431 αύτών
669 1368 724 1433 καί
742 1371 988 1450 πεπαιδευμένοι
1013 1367 1090 1432 κατά
1112 1369 1225 1434 τοσυύ-
1237 1375 1316 1436 1239
1327 1392 1356 1436 τ.

125 1487 181 1525 τον
202 1464 358 1547 γεγόνασι,
379 1465 476 1551 χάρις
493 1466 622 1559 ,πάντων
643 1472 687 1558 τῷ
701 1475 832 1549 βασιλεῖ
841 1472 892 1555 ’τῷ
913 1465 1011 1542 υύτους
1033 1469 1148 1546 αύτούς
1169 1496 1228 1535 κα-

66 1616 69 1623 ,
125 1565 321 1647 ταρτίσαντι.
365 1571 419 1630 καί
432 1565 492 1652 γάρ
514 1565 544 1631 σί
566 1565 681 1632 τούτου
700 1570 885 1636 οἰκειότατοι
901 1572 955 1634 καί
965 1572 1141 1652 ε’γγύτατοι,
1160 1565 1227 1636 ὅσοι

125 1665 186 1743 μὲν
205 1666 318 1745 γνώσει
339 1671 393 1731 καί
414 1663 587 1756 λόγῳτών.
600 1660 713 1733 ἀλλων·
727 1673 901 1756 διέφερον,
931 1671 1073 1755 ἀτυφίαν
1101 1671 1229 1737 ἐπεδεί-
1278 1684 1282 1691 ’

84 1780 117 1834 15
128 1787 242 1826 κνυντσ
261 1766 316 1828 καί
338 1768 511 1852 δημοτικὴν
532 1764 613 1849 πρὸς
636 1770 754 1845 πάντας
776 1769 1000 1856 ἀναστροφήν,
1032 1771 1086 1834 καί
1107 1773 1229 1850 ἀλαζο-

128 1863 214 1950 νεγάς
237 1861 381 1950 ύπῆρχον
407 1869 578 1950 ἀνώτεροι,
608 1871 648 1953 τῇ
667 1868 775 1957 γνώμῃ
805 1869 849 1952 μὴ
879 1869 1099 1952 ἐπαιρόμενοι·
1143 1866 1230 1955 ὅσοις

128 1969 164 2030 δὲ
189 1965 267 2049 πρὸς
288 1967 321 2031 τὸ
343 1965 648 2052 στρατιωτικώτερον
669 1969 687 2052 ἡ
711 1969 848 2052 διαγωγὴ
869 1973 1095 2052 ἐπεπαίδευτο,
1118 1966 1231 2058 ρῑοομας·

128 2066 280 2132 λεώτατοι
300 2072 359 2150 μὲν
379 2065 459 2133 κατά
490 2078 600 2153 χεῖρας
622 2066 817 2154 ἐτύγχανον,
849 2070 882 2134 τύ
905 2075 940 2135 δὲ
972 2065 1051 2154 ἦθος
1082 2074 1121 2134 ου’
1151 2069 1229 2156 κατά
1293 2071 1310 2134 ’.

128 2169 326 2252 στρατιώτας
350 2165 435 2252 εἶχον
459 2169 595 2253 σκληρόν
625 2174 680 2235 καί
700 2170 898 2256 ἀτίβασσον,
929 2173 1000 2234 ἀλλ’
1031 2163 1147 2256 ἥμερον
1180 2170 1235 2258 καί

84 2267 325 2353 tos-rinpo'otrov.
370 2275 479 2343 κοινῶς
509 2274 543 2334 δὲ
570 2275 682 2347 πάντες
709 2281 776 2348 ταῖς
800 2272 991 2355 εὐεργεσίαις
1013 2275 1076 2336 τών
1102 2273 1234 2354 ἀνθρώ-

131 2394 199 2435 πων
220 2369 521 2458 ἑπευφραινάμενοι,
545 2372 697 2437 ου’δίποιε
720 2370 930 2456 τὸνβασιλέα
953 2377 1015 2437 τών
1044 2372 1232 2461 εύεργεσιών

133 2473 318 2553 ἀπέχεσθαι
336 2476 600 2554 συνεβούλευσαν,
623 2475 705 2537 α’λλά
730 2474 786 2538 καί
804 2480 924 2571 μᾶλλον
950 2474 1041 2539 αύτσί
1059 2475 1233 2555 μεσιτείαις

132 2580 289 2657 χρησταῖς
308 2573 363 2636 καί
384 2570 523 2649 ἐπαίνοις
544 2577 599 2638 καί
619 2581 683 2649 τοῖς
717 2567 869 2651 ἀλλοις
854 2564 1027 2659 επογιογοῖς
1049 2570 1134 2659 πρὸς
1159 2572 1234 2677 μεί-

269 2729 314 2794 5
337 2767 341 2772 .

136 2872 170 2925 ati
188 2885 299 2935 amans,
326 2877 353 2923 et
371 2872 524 2925 mitissimus
553 2874 575 2923 si
597 2873 655 2940 quis
675 2870 744 2923 alius
763 2879 789 2923 et
807 2869 934 2939 loquendi
965 2879 1069 2937 tempus
1090 2878 1117 2923 et
1134 2868 1235 2923 silentii

136 2944 240 2995 sciens·
268 2952 348 3011 atque
372 2950 487 3008 tantum,
514 2950 543 2993 ut
569 2942 689 2994 iudicans
710 2950 736 2994 et
755 2943 918 2994 decisionem
943 2943 1058 2993 afferens
1077 2950 1156 3009 atque
1177 2957 1236 2993 cunr

136 3015 282 3067 adversarii
310 3030 392 3066 voces
418 3014 584 3080 perturbatas
610 3015 761 3064 emitterent
790 3028 875 3096 saepe
897 3014 966 3064 inter
991 3028 1020 3064 se
1047 3021 1074 3063 et
1097 3011 1236 3063 iracundas

136 3087 223 3171 ipsum
241 3086 317 3137 illum
336 3086 494 3138 observaret
512 3100 663 3136 sermonum
683 3099 777 3135 sonum
799 3084 957 3134 concinnum
978 3092 1004 3134 et
1022 3097 1166 3145 canorum,
1184 3097 1237 3132 ne-

137 3173 190 3225 que
207 3159 264 3209 irae
283 3158 428 3225 vestigium
447 3156 493 3209 vel
512 3154 635 3206 clamoris
653 3156 762 3206 maioris
783 3156 810 3205 in
831 3162 863 3205 eo'
883 3163 1022 3223 ageretur.
1043 3118 1167 3220 superbit:
1185 3168 1238 3203 au·
1287 3204 1293 3213 l

136 3236 190 3279 tero
207 3244 262 3280 non
294 3227 380 3279 solum
408 3229 539 3279 neminem
566 3227 709 3290 alliciebat,
739 3227 785 3277 sed
807 3228 884 3277 etiam
903 3226 1032 3292 superbos
1053 3226 1160 3277 oderat:
1181 3229 1239 3275 erat

139 3300 255 3351 enimin
275 3300 451 3365 vituperando
471 3298 541 3349 mitis
566 3306 593 3349 et
620 3300 647 3361 in
667 3264 798 3349 laddando
826 3298 954 3349 excitans.

209 3372 309 3435 Quodsi
327 3372 406 3421 etiam
417 3371 460 3438 qui
474 3385 521 3435 per
533 3369 630 3420 multos
645 3384 728 3421 annos
740 3369 803 3419 huic
820 3371 979 3431 servierant,
993 3369 1025 3420 ad
1041 3368 1099 3419 eius
1114 3382 1202 3419 mores
1213 3372 1240 3417 et

135 3442 263 3493 virtutem
275 3450 444 3495 mutaverunt
456 3456 516 3493 suas
527 3442 673 3492 sententias
691 3449 718 3491 et
729 3442 832 3492 educati
846 3442 912 3492 adeo
930 3447 1005 3503 sunt,
1022 3439 1108 3507 gratia
1124 3438 1240 3489 omnium

135 3513 205 3580 regi,
218 3514 263 3579 qui
281 3516 319 3564 ita
334 3530 380 3565 eos
397 3513 591 3565 ellormaverat
612 3513 709 3563 etenim
725 3514 771 3579 qui
786 3511 848 3562 huie
864 3510 1063 3563 familiarissimi
1082 3517 1108 3560 et
1126 3508 1241 3576 proximi

138 3591 222 3649 erant,
242 3594 372 3652 quotquot
394 3584 575 3652 intelligentia
597 3590 623 3634 et
639 3584 744 3634 ratione
762 3584 859 3635 ceteris
883 3581 1067 3647 excellebant,
1085 3580 1242 3632 modestiam

137 3655 313 3707 ostendebant
338 3665 364 3708 et
389 3656 552 3738 popularem
571 3671 629 3706 oum
659 3655 780 3705 omnibus
808 3653 1037 3723 consuetudinem,
1058 3661 1085 3703 et
1112 3649 1241 3701 iactantia

138 3735 214 3779 erant
229 3729 393 3793 superiores,
411 3728 543 3779 sententia
557 3741 611 3777 non
630 3724 708 3777 elati·
720 3726 815 3793 quibus
835 3734 921 3777 antem
935 3725 967 3775 ad
980 3722 1101 3775 militiam
1121 3714 1241 3773 conditio

140 3799 251 3850 educata
270 3808 335 3862 erat,
356 3798 515 3850 validissimi
541 3798 645 3864 quidem
666 3798 787 3849 manibus
808 3805 896 3860 erant,
927 3808 1014 3848 mores
1034 3802 1120 3845 autem
1139 3808 1193 3845 non
1212 3798 1243 3842 ut

138 3868 239 3920 milites
256 3869 389 3921 habebant
409 3869 488 3921 duros
509 3877 535 3919 et
555 3869 635 3931 leros,
656 3868 702 3919 sed
721 3876 872 3920 mansuetos
893 3875 919 3917 et
938 3881 1046 3917 comes:
1066 3865 1241 3915 communiter

140 3948 228 3991 autem
255 3956 346 3992 omnes
365 3941 503 3992 boneficiis
523 3940 656 3990 hominurn
682 3938 810 3991 delectati
840 3954 973 4004 nunquam
992 3952 1083 4003 regem
1101 3934 1241 3987 beneficiis

140 4012 276 4064 abstinere
293 4013 465 4077 studuerunt,
490 4012 537 4063 sed
557 4012 635 4061 etiam
656 4010 740 4077 magis
767 4010 817 4076 ipsi
837 4009 964 4059 modestia
984 4004 1054 4058 bona
1074 4013 1100 4057 et
1118 4005 1240 4057 laudibus

86 4136 96 4145 ,
141 4089 168 4135 et
186 4086 285 4135 ceteris
304 4083 529 4135 oblectationibus
548 4082 580 4134 od
597 4081 698 4133 maiora
716 4080 849 4132 beneficia
870 4094 961 4146 regem
978 4077 1155 4146 precabantur
1174 4090 1240 4146 pro.

123 4203 129 4208 ·
218 4179 301 4233 ittet.
322 4178 403 4232 Διιιι.
423 4179 489 4231 Har.
1023 4164 1059 4231 2¹1
