2967 4825
171 310 178 322 “
283 312 354 393 τοι
572 307 790 386 moninus
826 305 1086 383 amurcam
1152 263 1162 277 ’

280 500 337 547 του
358 479 415 561 τῆς
439 480 611 562 ονντριβῆς
639 478 816 555 ἰξεκαλεῖτο
839 477 978 559 θερμάς.
1036 474 1184 559 παρῆσαν
1201 466 1263 553 γάρ
1283 468 1385 563 &uetes

281 572 304 644 ‘6'
319 602 354 645 τε
378 578 588 665 Καλχηδόνος
611 576 628 645 6
647 575 839 661 Ἡρακλείας
863 576 916 640 καί
937 574 955 639 6
974 573 1179 648 Κολωνείας,
1201 566 1259 645 τάς
1285 591 1385 635 σπον-

282 679 342 757 δάς
360 680 447 767 edepl
468 684 721 753 συντελέσαντες.
764 676 981 762 ὑπεμίμνησκε
1010 678 1045 740 δὲ
1068 671 1186 749 ον’τοδς
1207 675 1262 737 καί
1281 666 1387 759 δρκων

280 786 336 852 καί
361 786 423 849 τῶν
455 778 490 847 ἐκ
511 783 570 847 τοῦ
599 778 690 845 θείου
722 783 889 859 νεμέσεων.
946 772 975 841 οἰ
997 777 1049 857 δι’,
1070 799 1122 837 και
1143 797 1202 857 περ
1222 775 1387 857 motem

280 885 380 973 τιν’τηι
389 875 621 967 βουλάμενοῌ
603 904 689 961 ομως
701 875 876 954 άσθενοδς”
855 902 950 962 εσχον
962 876 1122 961 οἰνδραῖν’
1101 876 1230 996 απηνοίν
1246 869 1314 957 ἅμα
1329 896 1384 937 και
1381 874 1412 936 5

243 997 246 1015 ”
282 987 439 1105 ι’μηστῶν
461 981 711 1067 ἀνασπασάντων
733 979 830 1047 αὐτὸν
844 1005 895 1045 και
916 979 959 1059 οἰς
981 978 1095 1065 ἰερεῖον
1115 974 1254 1063 άχάντων
1276 976 1330 1042 ἐπί
1347 969 1385 1041 τά

281 1087 429 1174 σφάγιον.
471 1090 526 1151 καί
546 1086 591 1159 εἰς
614 1081 649 1147 τδ
674 1080 809 1206 κάστρον
831 1081 1061 1165 ἐγκλείσαντες,
1091 1078 1184 1160 θαμά
1205 1075 1284 1164 πρός
1306 1074 1390 1140 πάν-

280 1212 339 1265 τας
361 1187 630 1273 ἐπιστρεφόμενον
653 1182 709 1249 καί
732 1183 790 1266 τὴν
820 1185 883 1249 τιδν
904 1182 1082 1266 οἰρχιερέων
1110 1177 1242 1247 κατόπιν
1264 1200 1389 1262 nepop-

280 1293 355 1359 σίαν
377 1291 459 1356 ἰδεῖν
479 1288 628 1373 διηνεκοῦς
648 1280 872 1370 ἰπευχδμενον,
895 1287 1022 1372 οἰκίσκῳ
1043 1287 1106 1349 τινί
1127 1284 1390 1367 παραπέμπουσι,

280 1394 340 1459 καί
354 1415 426 1456 τινα
443 1389 601 1457 Ἰουδαίου
622 1387 735 1471 άμαθῆ
751 1383 790 1451 τά
807 1387 941 1450 τοιαῦτα
962 1381 1020 1469 τὴν
1042 1387 1103 1450 τῶν
1125 1382 1305 1469 ὀφθαλμῶν
1325 1381 1390 1444 τιν’·
1399 1388 1432 1442 10

281 1494 341 1560 τοδ
372 1490 566 1575 διαχείρισιν
596 1485 811 1611 ἐπιτρέπουσι.
856 1483 1009 1569 δήσαντες
1040 1481 1140 1549 αάτίν
1159 1488 1193 1549 ἐκ
1215 1477 1391 1565 τεσσάρων,

283 1620 336 1661 και
358 1598 402 1682 τῷ
432 1592 544 1716 στήθει
566 1616 619 1655 ναι
643 1592 681 1678 τῇ
709 1593 811 1675 κοιλίᾳ
832 1584 969 1662 πολλοῦς
1000 1589 1041 1651 δι’
1067 1586 1240 1664 αόπί’δος
1225 1585 1391 1668 σπιστηρί·

282 1700 409 1776 ξαντες,
430 1695 576 1813 φέρουσι
598 1689 652 1757 τὸν
671 1690 826 1757 Ἰουδαῖον
846 1681 1099 1772 περιωδάνως
1077 1712 1157 1772 cyon
1185 1710 1236 1753 και
1262 1686 1392 1770 α’πηνοδς

283 1795 404 1884 σιδήριρ
440 1793 516 1869 τούς
552 1788 742 1879 δφθαλμοδς
771 1792 878 1858 c6ro6
903 1789 1155 1873 ἰκταράττοντα,
1175 1791 1390 1875 βρυχωμένου
1466 1840 1472 1853 .

283 1898 426 1962 κάτωθεν
454 1896 509 1960 καί
545 1891 695 1979 ταύρειον
727 1895 917 1975 μνκωμίνου
945 1894 1000 1956 καί
1032 1893 1155 1981 μηδένα
1192 1888 1247 1955 τὸν
1274 1887 1392 1956 οιιιτει-
1402 1894 1433 1949 15

284 2020 381 2083 ροντα
403 1994 537 2079 ἔχοντος.
590 1994 628 2059 οἰ
648 1990 712 2078 μην
745 1989 828 2072 ἅπαξ
851 1996 942 2061 τοῦτο
971 1993 1085 2057 ποθυίν
1107 1991 1228 2078 άφειθη
1261 1993 1318 2076 τῆς
1342 2014 1394 2057 τι-

202 2124 205 2130 ·
284 2100 422 2183 μωρίας,
444 2094 524 2161 ἀλλὰ
544 2097 642 2182 τριχῇ
659 2092 714 2160 τίν
734 2094 871 2180 σίδηρον.
886 2102 952 2169 τοίς
983 2092 1298 2177 retractaremus»
1329 2084 1393 2173 δμ-

283 2223 384 2280 μασιν
407 2195 500 2281 ὁτῆς
529 2192 700 2261 θεοκτὸνου
727 2192 894 2279 τυγχάνων
917 2196 1045 2282 σειρᾶς,
1067 2194 1126 2273 ἕως
1147 2194 1203 2261 καί
1223 2200 1394 2282 πληροφο-

284 2302 358 2386 ρίαν
380 2294 423 2363 δί
441 2291 538 2384 ὅρκου
562 2304 703 2379 κείμενος
728 2294 820 2364 ἔθετο
843 2302 947 2363 πᾶσαν
968 2295 1024 2383 τὴν
1047 2300 1228 2380 οἰκονομίαν
1249 2300 1393 2381 ἐκχυθῆ-

283 2424 337 2470 ναι
367 2400 422 2468 καί
449 2393 649 2488 άπορρεῦοαι
682 2403 746 2466 τάν
769 2394 890 2465 ἑαυτοῦ
924 2402 1113 2487 σ’φθαλμιὸν.
1166 2398 1312 2484 ε’χερθείς
1333 2389 1433 2466 οιίνλλ

285 2503 397 2585 αλματι
429 2501 666 2591 διαβρόχουςν
645 2529 727 2586 εχων
746 2502 830 2578 τοίς
852 2498 1068 2628 ρ’ρθαλμοάς,
1084 2501 1245 2584 θέαμαδ’
1266 2499 1392 2586 οἰκτρὸν
1479 2527 1480 2552 t

284 2630 337 2672 ιιαι
371 2603 509 2671 ἐλεεινὸν
536 2609 592 2670 καί
621 2606 783 2688 θρῆνον’
768 2608 921 2691 επιφίρον
957 2612 1022 2682 τοῖς
1052 2602 1171 2702 δρωσιν
1202 2602 1392 2685 α’κάθεκτον,

286 2701 470 2790 ἤμιθνης”
450 2729 558 2792 σκειτο,
580 2710 905 2791 προκατειργασμένος
933 2710 993 2789 μὲν
1014 2731 1067 2772 και
1087 2733 1124 2796 τη
1145 2703 1238 2796 νόσῳ,
1260 2702 1332 2774 τότε
1356 2708 1393 2773 δὲ

359 2911 400 2965 to.
419 2909 619 2982 τινιἾυνδαίρ
639 2909 771 2984 dputes?
853 2911 894 2966 14.
915 2909 1132 2986 ἐκταράττοντες
1150 2912 1181 2968 Ο.
1261 2911 1265 2917 '

284 3091 360 3148 enim
379 3092 416 3146 ilri
435 3093 577 3161 pontifices
596 3085 810 3158 Chalcedoaiae‚
831 3100 857 3146 et
874 3093 1023 3151 Heracleae
1043 3103 1069 3146 et
1087 3093 1233 3159 Geloneae,
1256 3095 1301 3218 xi
1331 3093 1377 3148 loe

287 3167 337 3220 dus
357 3181 417 3218 curn
436 3181 470 3217 eo
488 3165 673 3233 perfecerant:
694 3166 830 3218 admonuit
849 3181 896 3219 eos
916 3175 943 3218 et
962 3167 1134 3220 iurisiurandi
1156 3173 1182 3217 et
1206 3165 1257 3217 ulti
1296 3166 1319 3218 is
1350 3167 1394 3218 di..

287 3240 379 3292 rinae.
417 3236 460 3289 illi
480 3246 569 3290 autem
588 3239 708 3307 quamvis
727 3235 856 3290 auxilium
876 3239 901 3288 ei
920 3238 1051 3306 praebere
1079 3236 1205 3290 volentes
1230 3246 1320 3290 maren
1347 3239 1394 3288 in.
1477 3301 1478 3306 Ἰ

287 3310 356 3363 lirini
376 3318 469 3374 erant,
487 3325 546 3361 cum
567 3310 687 3362 homines
707 3307 829 3378 crudeles
851 3317 878 3361 et
896 3310 947 3361 leri
968 3326 1025 3362 eum
1045 3318 1171 3378 raperent
1190 3317 1217 3361 et
1235 3310 1313 3378 quasi
1332 3311 1394 3360 aui.

286 3382 341 3435 mi
359 3390 471 3451 agerent
495 3381 528 3433 ed
557 3382 734 3434 sacrificium:
764 3390 791 3433 et
817 3381 930 3436 castello
956 3381 1123 3436 includentes
1147 3381 1218 3433 hunc
1238 3381 1395 3450 frequenter
1477 3415 1478 3420 =

287 3454 322 3506 ad
340 3468 431 3506 omnes
450 3454 640 3520 respicientem
660 3461 687 3505 et
704 3453 859 3519 pontificum
878 3461 972 3520 postea
991 3454 1139 3506 orationem
1167 3451 1280 3506 liberam
1308 3469 1395 3537 expe-

286 3525 335 3578 riri
354 3533 487 3592 perpetuo
505 3532 659 3590 precantem
679 3523 803 3576 conclavi
822 3526 983 3577 immittunt:
1002 3533 1083 3594 atque
1101 3525 1200 3577 Iudaeo
1220 3525 1349 3578 cuidam'
1341 3541 1394 3576 rm-

286 3598 376 3664 perito
397 3593 497 3647 talium
509 3609 596 3646 rernm
614 3595 753 3647 oculorum
774 3596 831 3648 eius
851 3597 1046 3648 coniectionem
1065 3597 1221 3663 imponunt,
1242 3598 1394 3649 vincientes
1476 3599 1477 3650 i

288 3683 363 3718 enm
369 3682 403 3717 ex
422 3674 535 3733 quatuor
554 3666 672 3733 partibus
693 3675 720 3717 et
739 3667 842 3735 pectori
861 3676 941 3737 atquc
960 3669 1093 3722 abdomini
1118 3666 1217 3722 multos
1244 3677 1322 3722 scuto
1342 3670 1395 3720 irn-
1476 3663 1477 3670 ’

288 3738 446 3821 pulmenta,
465 3736 556 3788 ferunt
576 3737 711 3802 Iudaeum,
730 3754 789 3789 cum
808 3739 906 3792 misere
925 3741 1004 3793 nimis
1025 3748 1052 3792 et
1072 3739 1218 3792 crudeliter
1231 3741 1305 3794 ferro
1325 3755 1395 3792 ocu
1476 3741 1477 3768 l

287 3807 330 3861 los
351 3792 409 3860 elus
430 3808 590 3859 effoderent
595 3808 724 3862 ululantis
745 3826 778 3860 cx
795 3811 888 3862 intimo
908 3820 1019 3879 pectore
1030 3819 1056 3865 et
1074 3813 1144 3864 tauri
1163 3813 1248 3866 instar
1265 3814 1395 3882 mugien-

287 3880 323 3932 tie
341 3894 431 3948 neque
462 3895 612 3948 quenquam
630 3881 830 3934 misericordem
853 3882 990 3936 habentis:
1014 3899 1103 3952 neque
1127 3892 1216 3936 tamen
1235 3885 1321 3938 semel
1341 3884 1395 3935 hoo
1475 3941 1476 3944 Ἴ

286 3965 382 4019 passus
402 3950 532 4003 liberatus
552 3960 592 4005 est
610 3951 729 4018 ultione,
745 3955 793 4006 sed
811 3962 852 4006 ter
872 3950 969 4013 ferrum
988 3954 1067 4007 liuius
1087 3956 1174 4009 oculis
1193 3957 1325 4010 immersit
1343 3957 1395 4008 iste

288 4022 393 4074 assecla
423 4024 622 4077 coniunctionis
649 4025 726 4076 deum
752 4026 912 4090 cruciantis,
939 4028 1025 4078 donec
1058 4027 1104 4079 vel
1123 4027 1201 4079 fidem
1220 4028 1395 4081 iureiurando

290 4097 384 4148 iacens
403 4095 484 4159 dedit,
503 4103 588 4147 totum
606 4111 705 4147 nexum
726 4097 837 4148 effusum
859 4111 918 4148 esse
938 4105 965 4150 et
994 4097 1131 4152 effluxisse
1156 4099 1306 4152 oculorum.
1345 4115 1395 4152 ex-

243 4174 429 4235 perrectus
448 4168 532 4235 igitur
550 4169 681 4236 sanguine
701 4168 820 4221 madidos
839 4167 939 4221 hebens
959 4169 1065 4236 oculos,
1086 4179 1113 4222 et
1140 4172 1325 4240 spectaculum
1351 4171 1396 4223 la-

286 4237 432 4296 necatae
454 4245 482 4292 et
498 4239 623 4294 miserum
653 4239 778 4309 quodque
802 4238 937 4322 planctum
963 4241 1072 4297 afferret
1088 4243 1241 4300 videntibus
1260 4243 1395 4298 intolera-
1474 4285 1475 4298 2
