2967 4825
549 272 774 344 maroam.
899 297 904 312 ¹
1108 268 1215 367 ,τοι

119 450 228 537 μάτων
249 451 325 536 ου’χί
343 452 477 534 μικράν.
500 442 617 533 ἧνγόρ
638 450 725 530 μετά
742 451 804 513 τάν
826 440 927 513 όλλων
949 448 1053 513 κακιόν
1075 448 1128 511 καί
1149 440 1223 527 περί

120 558 377 640 φιλοχρηματίαν
406 554 578 634 δαιμονίους
596 547 801 631 σπουδάζων,
824 548 878 615 καί
904 545 1220 634 arduennensium

115 651 237 737 χανδόν
255 651 445 733 ποιοόμενος
462 649 520 738 τὴν
538 654 706 732 ἐπίκτησιν.
739 642 785 715 τόν
797 650 975 736 α’κορέστως
987 646 1135 731 ἐχόμενος
1150 650 1222 714 κόν-

119 776 195 835 τρον
211 754 266 819 καί
285 764 413 836 ταμεῖον
425 756 481 838 τῆς
494 756 557 818 τάν
574 756 692 817 λοιπῶν
710 752 813 817 orituri
835 752 971 835 κτήσεων
993 746 1221 833 ἐπισυναθροί-

92 851 248 930 ὅαεως
212 881 270 939 την
283 860 342 919 τοῦ
354 853 511 936 Ἓβδόμου
522 850 629 938 μονήν.
651 852 773 938 ταύτην
791 854 851 939 γάρ
867 849 974 934 λαβάν
989 876 1065 917 κατα
1058 848 1218 935 δωρεάν,

118 955 335 1081 παρεσκεύαζε
354 956 408 1022 τόν
428 960 562 1039 βασιλέα
579 953 677 1021 πολλά
701 960 765 1020 τῶν
790 956 951 1039 κτημάτων
972 954 1059 1042 αότῷ
1078 975 1221 1075 προσκο-

117 1058 197 1142 ροῦν
217 1056 374 1142 ὁσημέραι
404 1058 460 1122 καί
476 1048 665 1141 προσόδους
687 1057 866 1142 άφθόρους
887 1064 1073 1175 περιποιεῖν,
1095 1052 1138 1129 ὥς
1157 1047 1221 1120 uri-
1230 1065 1250 1121 l.
1268 1066 1357 1124 21οτ

118 1160 177 1221 τοῦ
198 1157 282 1240 τάχα
303 1161 570 1241 διαγωνιζομέυον
596 1181 728 1241 ποιησαι
750 1166 843 1223 τοῦτο
863 1154 945 1239 μετά
968 1160 1157 1241 παρίλευσιν
1174 1160 1219 1247 spi

115 1262 247 1339 βασιλεῖ
262 1259 438 1341 πολόολβον
462 1259 659 1341 ἐνδιαίτημα,
682 1256 892 1340 σκεπτόμενος
915 1262 950 1324 ἐκ
966 1258 1150 1343 μοχθηρίας
1171 1260 1220 1324 ot'-

76 1375 107 1428 10
118 1359 288 1423 κειοόσθαι
311 1363 366 1422 καί
387 1357 654 1443 παρακερδαίνειν
682 1358 720 1425 τά
752 1361 809 1423 νόν
830 1358 1073 1444 προσφερόμενα
1104 1364 1160 1423 καί
1177 1360 1220 1446 τῷ

117 1456 248 1539 όνόματι
272 1462 328 1544 τῆς
349 1463 446 1544 μονῆς
470 1462 605 1524 πλσότον
625 1463 816 1525 ἐπικτᾶσθαι
837 1457 998 1544 όπερφυῆ,
1018 1463 1074 1522 rori
1095 1460 1219 1541 δέμέλ·

115 1567 222 1636 λοντσς
244 1554 327 1626 εἶναι
347 1560 403 1626 τόν
425 1558 515 1645 λόγον
538 1561 728 1647 ἀπόρρητον.
784 1563 816 1625 ἐν
837 1561 957 1635 τούτοις
979 1563 1014 1626 dd
1044 1561 1141 1625 κάσιν
1160 1561 1219 1624 ου’-

115 1663 195 1727 δόνα
213 1660 307 1747 κόρον
329 1664 511 1745 λαμβάνων,
533 1666 636 1728 καίτοι
662 1667 717 1728 καί
737 1660 823 1747 παρά
847 1661 973 1728 πάντων
996 1666 1058 1728 τεόν
1080 1663 1115 1726 ἐν
1133 1665 1215 1743 τίλει

113 1764 172 1826 καί
186 1765 250 1828 cdv
269 1766 473 1850 στρατιωτοόν
496 1768 551 1829 καί
571 1768 717 1829 τελωνῶν
739 1767 794 1827 καί
813 1764 998 1849 πρακτόρων
1017 1760 1220 1848 δωροδοκοί-

75 1876 104 1930 15
112 1888 211 1949 μενος
247 1869 302 1930 καί
331 1865 469 1952 κτήσεων
507 1867 633 1929 είδικιόκ
672 1869 727 1930 καί
759 1862 852 1930 οἴκων
888 1865 921 1929 ἐν
958 1861 1128 1955 περιλὴιμω
1158 1886 1219 1945 με-

111 1968 226 2054 γάλων
248 1971 303 2033 καί
334 1969 457 2033 πολλῶν
484 1965 736 2048 καθιστάμενος,
771 1968 846 2030 ου’δέ
877 1969 933 2030 rori
960 1968 1135 2049 κερδαίνειν
1165 1968 1221 2032 καί

113 2073 148 2135 ἐκ
193 2068 482 2158 συκοφαντημάτων
515 2069 684 2153 ἀπείχετο,
722 2070 795 2133 οὐδὲ
831 2071 888 2131 τοό
928 2066 1147 2148 ἐπιβουλεύειν
1179 2069 1219 2155 τῇ

113 2172 252 2261 εόθηνίρ
286 2176 340 2237 καί
374 2168 432 2255 τὴν
463 2168 614 2254 κοσμικὴν
648 2170 825 2254 ἀδημονίαν
857 2172 913 2234 καί
947 2166 1069 2233 ἔνδειαν
1101 2169 1221 2234 οἰκείαν

113 2276 281 2337 ποιεῖσθαι
302 2275 519 2359 φιλοκερδείας
548 2270 718 2337 ὑπόθεσιν·
763 2272 806 2359 τῷ
832 2294 880 2336 τοι
909 2273 964 2335 καί
989 2269 1105 2351 μαθιόν
1124 2266 1167 2345 σός
1188 2266 1221 2334 ἐν

71 2377 157 2462 torci
186 2371 314 2463 κάστριρ
336 2378 375 2462 τῇ
390 2374 561 2460 Ῥαιδεστηό
588 2373 779 2457 κατάγουσιν
809 2364 928 2454 άμαξαι
957 2368 1010 2436 τόν
1034 2376 1121 2436 σίτον
1141 2375 1220 2435 πσλ-

112 2478 182 2552 λαί,
204 2479 259 2540 καί
273 2472 543 2559 διαπιπράσκουσι
557 2470 863 2554 διασκεδαννόμεναι
879 2471 923 2549 τίς
934 2497 968 2538 τε
981 2469 1019 2537 τά
1039 2477 1101 2540 τοόν
1118 2494 1221 2555 μονα-

115 2580 259 2660 στηρίων
281 2579 461 2658 ξενοδοχεία
483 2577 539 2640 καί
551 2573 725 2641 κατατόπια
742 2574 798 2640 καί
818 2574 917 2658 αότῆς
938 2578 993 2659 τῆς
1006 2574 1144 2660 μεγάλης
1166 2576 1220 2639 ἐκ-

113 2683 248 2764 κλησίας
271 2679 325 2742 καί
345 2681 470 2744 πολλῶν
485 2680 658 2763 ἐγχωρίων,
674 2680 728 2744 καί
747 2669 857 2743 άνετον
871 2681 1034 2742 ποιοῦνται
1056 2673 1112 2760 τίγν
1135 2679 1220 2761 πρά-

189 2842 215 2892 5.
236 2833 341 2913 μόνην]
360 2857 394 2894 un
415 2858 510 2915 μονην
528 2838 675 2896 douretin?
746 2839 773 2892 8.
794 2839 942 2912 ἀφθόνους
960 2841 1102 2910 interpres.
1177 2840 1217 2894 13.

188 2913 393 2985 λαμβάνεινῦ
491 2912 863 2970 κατεστασίασε·

115 3063 250 3121 auantiae
268 3063 334 3113 mire
352 3061 471 3127 deditus,
491 3068 517 3113 ct
541 3063 741 3129 possessionum
771 3063 936 3114 immoturum
957 3062 1053 3127 cupida
1073 3060 1217 3113 sibicom.

114 3134 228 3203 parabat
245 3135 437 3198 accessionem,
457 3149 567 3203 quarum
585 3133 729 3186 insatiabili
755 3135 832 3186 modo
863 3142 942 3186 tenax
960 3132 1094 3185 stimulum
1114 3140 1140 3182 ct
1158 3133 1217 3183 cel.

92 3207 169 3257 ,lam
187 3205 408 3258 accumulationis
435 3214 584 3258 ceterarum
611 3208 809 3273 possessionum
834 3205 948 3257 habebat
967 3203 1097 3256 Hebdomi
1122 3217 1216 3254 mons.

114 3279 241 3331 sterium:
266 3277 317 3329 boc
343 3279 412 3328 enim
437 3285 576 3346 postquam
603 3278 672 3328 dono
692 3278 797 3345 accepit
821 3276 971 3340 efficiebat,
1001 3284 1030 3328 ut
1055 3291 1104 3328 rex
1121 3275 1216 3328 multus

114 3351 302 3417 possessiones
325 3351 350 3401 ci
368 3352 486 3402 firmaret
503 3351 622 3417 quotidie
643 3357 669 3400 ct
695 3350 827 3401 redituum
846 3349 945 3400 affatim
969 3348 1108 3411 tribueret,
1128 3348 1164 3398 ita
1186 3355 1216 3398 ut

115 3437 149 3473 eo
170 3422 248 3473 brevi
276 3421 328 3472 hoc
358 3424 501 3474 evincente
531 3421 582 3472 hoc
607 3422 729 3473 redderet
757 3436 841 3488 prope
869 3435 961 3488 regem
980 3421 1091 3471 maxime
1110 3418 1216 3470 beatum

114 3493 296 3558 domicilium,
315 3495 430 3556 ⁸studens
459 3495 591 3560 pravitate
617 3494 641 3543 ei
661 3492 800 3544 conciliari
827 3501 854 3544 ct
873 3492 974 3544 lucrari
993 3507 1060 3559 quae
1080 3506 1151 3542 nunc
1169 3505 1216 3542 re..
1255 3556 1257 3562 Α

114 3566 201 3617 deurit
224 3573 251 3616 et
277 3566 385 3616 nomine
410 3567 565 3617 monasterii
586 3565 693 3617 diritius
721 3565 772 3617 sibi
792 3570 946 3632 comparare
971 3566 1120 3615 immensas.
1158 3577 1217 3614 cum

114 3637 161 3689 bic
180 3636 243 3688 talis
262 3653 322 3689 esse
342 3636 428 3689 vellet
446 3638 552 3689 ratione
571 3638 663 3701 vetita,
682 3638 710 3688 in
735 3637 777 3689 his
797 3645 885 3688 autem
904 3637 1025 3688 omnibus
1050 3634 1150 3687 nullam
1170 3649 1218 3686 oa.
1310 3699 1314 3706 1

113 3725 184 3778 φατε
202 3710 361 3774 satietatem,
380 3708 447 3760 licet
466 3717 493 3760 et
509 3707 542 3759 ab
557 3709 679 3763 omnibus
703 3710 901 3779 magistratibus
928 3718 955 3761 et
973 3707 1102 3764 militibus
1122 3715 1149 3758 et
1166 3723 1236 3775 pu.-

113 3781 232 3833 blicanis
253 3789 280 3832 et
300 3782 475 3847 portitoribus
497 3783 611 3848 pecunia
630 3791 771 3850 corruptus
796 3791 822 3834 et
840 3783 1038 3851 possessionum
1058 3781 1220 3848 privatarum

114 3862 143 3905 et
160 3853 344 3906 aedificiorum
364 3854 477 3904 circuitu
495 3868 651 3920 magnorum
679 3855 875 3922 multorumque
894 3856 1044 3924 (dominus)
1064 3854 1166 3917 lactus,
1185 3869 1220 3906 ns

71 3943 76 3958 ¹
113 3927 156 3979 sic
175 3924 282 3994 quidem
294 3939 310 3976 a
324 3924 399 3977 lucro
419 3925 464 3977 vel
484 3925 623 3977 calumniis
642 3926 752 3990 destitit,
772 3941 861 3994 neque
880 3927 987 3983 studere
997 3925 1172 3977 abundantiae
1193 3932 1220 3976 et

114 4003 250 4050 terrenam
263 3992 448 4049 emunitatem
467 4005 547 4066 atque
565 3999 681 4065 inopiam
699 3999 837 4066 proprium
856 3999 967 4050 reddere
986 3997 1053 4048 lucri
1073 4009 1218 4062 argumen-

113 4077 180 4121 trun
220 4077 273 4120 tum
293 4084 359 4136 crgo
379 4070 480 4133 audito,
498 4071 532 4121 ad
551 4069 689 4123 castellum
709 4071 862 4123 llaidestum
882 4071 1014 4122 deducere
1034 4083 1127 4119 currus
1158 4067 1218 4119 iru-

113 4148 233 4192 mentmn
252 4141 350 4193 multos
369 4148 396 4191 et
415 4142 541 4206 vendere,
561 4157 667 4210 sparsos
686 4159 736 4211 per
755 4142 974 4198 monasteriorum
1002 4140 1160 4194 deversoria
1191 4145 1218 4188 et

113 4213 243 4287 regiones
263 4221 291 4265 et
310 4213 393 4282 ipsius
412 4229 524 4282 magnae
544 4213 677 4270 ecclesiae
697 4225 723 4268 et
741 4214 893 4276 multorum
889 4213 1002 4279 patriae
1033 4210 1171 4278 locorum,
1192 4214 1218 4262 et
