2967 4825
306 272 380 400 odo
612 325 832 395 urcnluus
857 326 1123 397 nuuturomu
1152 353 1153 359 ι

212 521 216 527 “
307 500 461 566 εἰσελθών
489 503 535 574 εἰς
566 497 623 583 τὴν
650 499 908 581 βασιλεύουσαν,
940 500 1001 586 πρὸ
1028 504 1090 566 τού
1111 500 1165 585 την
1200 502 1285 567 ίύίαν
1308 498 1402 567 οἰκίαν

306 605 495 682 καταλαβεῖν
526 602 758 690 παρῆλθονρείς
782 601 818 664 τύ
840 606 989 683 βασίλεια
999 590 1082 701 ,καί
1115 603 1157 690 τῷ
1177 606 1328 690 λογοθέτη
1349 608 1403 669 Νι-

306 701 434 790 κηφύρρι
464 701 542 785 αρὸς
572 698 684 783 λόγους
707 697 811 766 trodo
831 704 931 768 πάντα
951 702 992 768 τὰ
1018 706 1247 787 συνενεχθέντα
1268 700 1403 788 προσήγ-

304 808 403 887 ysaia,
429 806 484 866 καί
503 803 539 865 τὸ
560 806 703 887 ποιητέον
726 802 816 889 αύτηῖ
837 808 1082 886 συνεβούλευσα,
1107 804 1160 869 κατ’
1179 805 1222 881 (ὃς
1245 800 1292 870 ὅτι
1315 804 1403 887 τύχι-

305 928 367 968 στα
389 901 453 989 χρη
476 904 531 988 τήν
553 928 585 969 τε
608 902 795 969 Ῥαιύεστὸν
822 906 1053 995 ’χρυσοβούλληι
1085 906 1166 995 λόγῳ
1188 907 1421 987 κατακοιμίσαι5

303 1006 359 1071 καί
380 1001 624 1091 φιλανθρώποις
657 1002 838 1083 ύεξιύσεσιν
869 1008 1114 1093 οἰκειώσασθαι,
1142 1007 1199 1072 καί
1233 1005 1290 1081 τύς
1312 1002 1402 1083 ἄλλος

283 1104 410 1180 ,πόλεις
432 1104 595 1189 τύσαύτιος,
615 1108 670 1170 κατ’
691 1102 726 1169 τὸ
745 1107 974 1190 στρατιωτικὸν
995 1106 1026 1184 ές
1047 1107 1162 1174 ταύτύν
1183 1112 1401 1192 συναθροίσαι,

303 1210 358 1269 κατ’
377 1208 564 1289 παραλῦσαι
585 1205 642 1290 την
661 1211 724 1272 τοῖν
747 1212 901 1273 πλείστων
924 1210 1001 1293 πρὸς
1030 1209 1086 1275 τὸν
1107 1208 1288 1294 ἀποστάτην
1308 1202 1402 1275 συνύ-

300 1310 446 1391 θροισιν·
492 1300 576 1392 οἷαῆν
597 1307 658 1393 γὰρ
681 1306 727 1373 ἔτι
745 1311 798 1393 τῆς
817 1308 1111 1393 Ἆύριανουτιόλεισς
1133 1314 1172 1376 ού
1189 1312 1306 1393 μικρὸν
1323 1306 1400 1401 ιἄτιο-

301 1411 369 1487 θεν,
391 1401 441 1471 ὅτε
463 1411 518 1473 καί
541 1409 585 1498 τη]
606 1412 783 1498 Βασιλύκη,
807 1413 858 1499 sci·
874 1411 1082 1479 ἀποσταλέντι
1110 1417 1174 1495 μετ’
1200 1410 1296 1477 αύτόν
1318 1414 1431 1485 donello

301 1512 509 1594 Δυρραχίου,
542 1509 738 1596 παρατυχών
767 1510 853 1591 ἐντὸς
874 1518 931 1579 τού
962 1506 1072 1591 ύστεος
1093 1520 1150 1599 τῆς
1173 1516 1398 1599 Θεσσαλονίκης

281 1612 376 1694 ’περί
397 1614 453 1694 τῆς
474 1614 578 1706 ἀρχῆς
598 1606 842 1699 ἤμφισβητησε·
897 1614 952 1680 κατ’
973 1616 1059 1702 εἴπερ
1085 1619 1194 1697 δεξιαῖς
1215 1624 1280 1690 τοῖς
1305 1617 1397 1699 πρύμ

300 1734 400 1793 μασιν
415 1708 640 1789 ύΒασιλύκιος
659 1716 700 1800 τῷ
720 1714 789 1779 τότε
811 1714 978 1802 ἐχρήσατο,
997 1722 1250 1801 κατεπολέμησεν
1268 1709 1309 1786 ύίν
1329 1721 1398 1781 τού-

300 1833 354 1875 τον
375 1812 409 1876 έν
432 1795 520 1900 ύρχῇ
541 1818 595 1897 τῆς
615 1814 822 1895 οἷτιοστοὶσεως
845 1818 1032 1886 σαλεύοντα.
1077 1815 1093 1883 ὅ
1119 1822 1153 1883 δὲ
1176 1826 1346 1906 λογοθὲτης
1367 1823 1397 1884 έν

299 1910 491 1993 μειδιάματι
518 1920 705 1998 τίοιούμενας
741 1916 782 1983 τοὶ
811 1922 886 2003 παρ’
921 1921 1001 2003 έμού
1030 1921 1130 2015 τούτῳ
1158 1920 1429 2007 μετοὶιστιουύῆςΙλ

300 2011 529 2096 εἰσηγούμενα,
561 2028 794 2101 μετεωρισμοΐς
824 2020 891 2086 τισί
912 2028 971 2088 καί.
988 2022 1162 2127 οξναβολαῖς
1184 2023 1327 2111 τοὶ-μηδέ
1345 2022 1397 2105 μι-

300 2116 380 2195 κροῖς
415 2115 618 2198 ύτιερθέσεως
661 2119 794 2201 δεόμενα
827 2126 1079 2209 παραδέδωκεν,
1105 2130 1251 2211 ἔας’[τού
1282 2123 1397 2203 πίθους

301 2218 549 2297 φλεγμαίνοντος
579 2219 637 2305 την
666 2221 811 2308 ἰατρείαν
840 2228 1027 2313 ἐπεχείρησε
1055 2236 1131 2312 μέν,
1162 2228 1242 2316 ἔγνω
1272 2234 1307 2297 δέ
1339 2229 1397 2312 μύ-

274 2369 276 2371 ,
300 2338 356 2399 την
375 2321 560 2403 γιιαρακινοῖν
581 2319 621 2385 τύ
638 2321 780 2407 οἷκίνητα.
802 2330 855 2391 κατ’
877 2324 947 2411 τότε
969 2332 1065 2395 πάλιν
1086 2330 1231 2420 ᾐσθόμην
1255 2333 1298 2411 uic
1320 2334 1396 2421 καλῷ

299 2413 335 2480 τύ
359 2416 456 2482 κακὸν
479 2423 592 2487 ἰᾶσθαι
615 2423 713 2508 ύλίγοι
739 2429 803 2491 τούν
826 2417 861 2494 έν
885 2429 961 2515 ἡμῖν
986 2433 1165 2516 α’νθρεύτιιον
1186 2436 1376 2521 δεδύνηνται.
1402 2444 1428 2500 20

398 2512 615 2605 Καταλαβύν
631 2520 688 2590 σύν
709 2528 754 2602 εἰς
779 2533 1031 2613 Τραϊανούτιυλιν
1058 2530 1266 2619 ύΒρυέννιος
1287 2560 1396 2620 συνην-

300 2613 383 2701 τήθη
408 2620 496 2705 παρὰ
520 2627 577 2686 τού
598 2627 742 2712 α’έελφού
772 2636 828 2695 κατ’
846 2633 908 2696 ταῖν
930 2637 1159 2719 συναραμένων
1182 2637 1266 2725 αύτῷ
1290 2635 1394 2720 Φρύγ-

297 2740 360 2800 γιυν
376 2723 438 2785 κατ’
458 2725 689 2792 Μακεδονικῶν
710 2728 927 2815 παρατάξεων.
950 2737 1165 2824 ιταρήχθησαν
1187 2739 1216 2826 d’
1237 2737 1325 2826 αύτῷ
1345 2741 1395 2804 καί

298 3003 392 3058 urbem
410 3014 552 3079 antequam
575 3027 660 3065 meam
678 3014 782 3068 domum
800 3029 957 3090 assequutus
984 3037 1054 3088 sum‚-
1069 3024 1173 3078 accessi
1192 3026 1224 3079 ad
1242 3029 1347 3096 regiam,
1369 3035 1393 3079 et

298 3090 359 3129 cum
376 3075 515 3147 logotheta
534 3081 686 3152 Nicephoro
708 3085 859 3144 collocutus
888 3094 975 3145 omnia
994 3105 1154 3164 quaegesta
1174 3107 1249 3152 erant
1267 3101 1390 3166 nuntiavi,

207 3175 211 3178 »
297 3147 397 3216 quidve
422 3151 574 3206 laciendum
602 3166 673 3208 esset
703 3160 727 3210 ei
747 3164 886 3228 persuasi,
913 3173 993 3234 atque
1014 3183 1091 3236 quam
1113 3169 1254 3223 celerrime
1274 3179 1390 3240 oportere

295 3217 456 3274 llaedestum
482 3225 653 3292 imperatoria
680 3233 802 3284 oratione
827 3234 980 3288 demulcere
999 3247 1026 3289 et
1050 3238 1169 3295 humanis
1189 3241 1389 3295 allocutionibus

296 3291 453 3359 conciliare,
474 3305 553 3365 atque
572 3308 675 3353 ceteras
693 3304 774 3355 urbes
791 3305 865 3370 item,
887 3315 914 3358 et
932 3311 1077 3362 exercitum
1096 3313 1123 3364 in
1142 3328 1221 3364 uuum
1240 3313 1326 3366 locum
1342 3330 1388 3366 co-

263 3401 266 3406 .
295 3364 362 3430 gere
377 3373 416 3424 ,et
430 3365 580 3420 dissolvere
600 3371 774 3437 plurimorum
793 3377 825 3428 ad
845 3387 989 3445 apostatam
1009 3391 1186 3436 conventum:
1215 3387 1307 3438 aberat
1324 3388 1388 3437 enim

296 3435 430 3489 etiamtum
459 3438 491 3491 ab
516 3440 692 3509 Adrianopoli
718 3461 773 3497 uon
800 3448 916 3516 paulum,
943 3451 1046 3520 quando
1078 3450 1155 3506 etiam
1180 3456 1387 3521 cum-Basilice,

295 3506 349 3574 qui.
360 3507 392 3560 ad
407 3524 466 3560 eum
475 3512 570 3562 missus
591 3523 656 3577 erat,
676 3516 736 3568 duci
748 3518 909 3586 Dyrrhachii
937 3526 1100 3578 conveniens
1118 3528 1188 3578 intra
1206 3529 1297 3580 urbem
1309 3529 1386 3581 Thes-

294 3575 433 3630 salonicen
453 3581 486 3632 de
505 3582 617 3648 imperio
640 3589 710 3653 egit:
738 3597 818 3658 atquc
837 3593 860 3648 si
884 3594 976 3646 dextre
994 3595 1074 3649 rebus
1092 3596 1242 3652 Basilacius
1261 3611 1313 3652 tum
1329 3615 1385 3654 usus

292 3655 381 3714 esset,
407 3650 665 3725 debellassctbhunc
689 3660 716 3708 in
742 3663 874 3730 principio
900 3667 1039 3720 seditionis
1066 3669 1117 3720 sibi
1145 3685 1199 3721 non
1220 3670 1383 3725 constantem.

294 3719 342 3770 sed
359 3719 500 3785 logotheta
517 3725 573 3775 risu
591 3729 728 3795 excipiens
748 3748 816 3800 quae
835 3751 850 3786 a
867 3752 917 3789 me,
928 3737 990 3794 huie
1010 3741 1127 3792 studiose
1146 3744 1327 3809 narrabantur,
1344 3745 1385 3796 le-

293 3786 372 3840 vitati
392 3798 419 3840 et
437 3792 586 3847 dilatationi
608 3813 648 3863 ea,
673 3816 741 3868 quac
771 3821 805 3856 ne
824 3809 957 3860 minimam
976 3813 1082 3879 quidem
1101 3817 1297 3869 cunctationem
1314 3826 1384 3885 pate-

293 3867 403 3925 rentur,
422 3864 544 3931 tradidit,
564 3869 649 3921 doneo
667 3865 736 3925 malo
756 3875 885 3947 flagrante
910 3882 1065 3936 medicinam
1091 3889 1259 3952 experiretur
1278 3890 1383 3958 quidem,
1415 3896 1417 3900 ‘

294 3931 342 3982 sed
359 3932 527 4003 intelligeret
552 3944 582 3991 'se
607 3941 704 3996 frustra
722 3963 832 4002 movere
859 3969 927 4020 quae
949 3958 1052 4007 moveri
1076 3972 1129 4008 non
1144 3967 1294 4026 ⁵poterant:
1313 3969 1383 4029 atque

293 4007 348 4122 tulum
371 4012 567 4126 rfursussensi‚
599 4026 698 4080 paucos
726 4019 915 4075 hodiernorum
942 4024 1076 4079 hominum
1095 4031 1187 4082 valere
1212 4033 1309 4086 malum
1326 4032 1382 4100 pul-

240 4107 242 4111 ·
295 4087 359 4123 ero
389 4091 477 4130 auare.
543 4089 548 4096 '

136 4227 140 4237 Ι
305 4164 310 4172 ’
377 4166 538 4247 ‘Assccutus
550 4144 621 4241 ¹‹rr-gc
640 4175 812 4246 Trianopolin
830 4181 981 4250 Bryennius
1008 4191 1125 4242 occurrit
1144 4193 1281 4248 ordinibus
1301 4195 1382 4247 lratris

207 4272 210 4280 ,
295 4240 323 4286 et
339 4245 385 4304 qur
404 4252 463 4326 cum
489 4255 522 4292 eo
546 4257 717 4300 surrexerunt
735 4250 898 4320 Francorum
923 4265 950 4309 ct
973 4258 1165 4320 Macedonumr
1186 4263 1268 4320 allata
1287 4274 1344 4321 sunt
1361 4265 1381 4318 ei
