2967 4825
266 226 343 317 ιτι
432 207 438 218 ’
570 229 788 303 τττσττιτττττ
808 181 1082 296 'ammiomn

232 449 234 453 -
266 405 323 472 καί
349 411 612 483 succumbam&
638 402 728 472 ἔνδον
754 401 808 470 τόν
838 400 1051 481 α’ντικείμενον
1071 389 1150 476 μετὰ
1172 391 1239 456 τοόν
1257 383 1371 486 συνόν-

204 527 211 542 ·
268 534 332 576 των
368 510 455 595 ατίττῆι
485 507 611 574 πόντων
644 500 932 624 καταγωνισάμενοι
964 525 1001 580 τρ
1005 501 1125 581 ἐψιοοι,
1155 516 1207 558 και
1231 481 1303 554 ded
1314 483 1372 569 τῆν

267 612 360 696 σφῶν
380 611 486 678 adacio
516 617 609 696 χεῖρα
633 597 862 691 ζωγροοσαν
839 630 857 686 η
883 599 1085 693 φοντόοοσαν
1112 590 1254 667 ἅπαντας
1274 613 1316 664 ως
1337 591 1371 655 ἐν

268 711 381 804 δικτόρτ
405 708 572 796 ποιήσωσι.
623 731 677 774 και
699 699 739 790 ῆν
758 733 777 791 η
767 705 911 830 ‘ppldsp
936 696 1085 785 σταθηρόι
1108 699 1164 764 καί
1183 691 1371 777 στρατηγιτῆ
1467 757 1468 800 ρ

267 817 323 878 καί
342 815 399 878 τοῦ
420 810 609 898 δηρόματος
629 807 776 891 σόνοχος,
799 809 844 884 είς
862 807 949 881 τέλος
976 806 1011 868 δέ·
1031 801 1074 885 μῆ
1099 800 1315 883 πτρισωθιισα
1337 785 1399 855 το5
1467 801 1468 878 ]

267 916 322 1033 τῆς
343 914 429 1000 νίκης
451 915 618 1036 διέφθειρε
639 907 808 1029 τρόφιμον.
831 907 1025 992 στινῆρχοντο
1046 905 1106 985 μὲν
1132 897 1192 985 ρόρ
1212 895 1246 962 ἐν
1268 893 1374 980 ταότῷ

267 1015 301 1081 τό
324 1040 358 1081 τε
376 1013 504 1096 πεζικόν
538 1012 594 1081 κστ
620 1008 768 1079 ναυτικόν
792 1011 997 1096 στράτευμα,
1024 1001 1232 1089 προελθόντες
1255 999 1291 1062 δὲ
1312 992 1372 1080 πρό

266 1118 323 1182 τιό
343 1139 455 1190 αστιος
477 1112 507 1179 οἱ
522 1117 579 1200 τῆς
602 1115 732 1196 πεζικῆς
753 1109 867 1231 μοίρας
883 1110 1085 1191 στρατιῶται,
1110 1128 1163 1168 και
1159 1100 1372 1179 οἶποπλανη-
1468 1175 1469 1190 ³

267 1222 374 1292 δόντες
407 1213 577 1282 ἐκεῖθεν’
563 1216 618 1282 οπί
648 1216 828 1300 κατασκοπῇ
862 1209 919 1274 καί
947 1203 1125 1291 καταλήψει
1151 1206 1252 1288 δῆθεν
1282 1222 1376 1267 τινων
1468 1193 1469 1260 l

269 1315 484 1385 Μακεδόνων
490 1317 749 1398 οολιζομένοτν’
733 1341 767 1380 ον
798 1309 994 1399 πορρωτάτω
1029 1309 1138 1393 όγροῖς
1169 1309 1296 1374 ἐκείνων
1317 1303 1417 1384 μὲν1θ

269 1420 328 1484 oda
348 1418 552 1504 ττίστόχησαν
569 1442 624 1483 και
618 1417 808 1500 α’πέτοχοιι
828 1415 882 1498 τῆς
899 1409 1081 1496 ἐπιβουλῆς,
1103 1417 1168 1484 τοῖς
1190 1409 1226 1472 δέ
1241 1397 1376 1489 Βαρόγ-

267 1543 334 1605 μοις
356 1521 395 1583 ου’
424 1519 644 1625 σοντδόασαν,
681 1511 734 1582 όττ
765 1519 807 1604 ττῆι
831 1516 955 1597 Ἀθόρα
984 1514 1195 1597 προσέβαλον.
1240 1502 1375 1588 όμωςδ

210 1684 213 1687 a
270 1646 327 1686 στιν
349 1643 379 1685 οι
399 1621 459 1702 μὲν
481 1619 646 1741 Βόραγγοι
666 1642 725 1694 τας
747 1617 849 1692 πόλας
880 1617 981 1681 αὐτοῦ
1002 1611 1231 1697 βιασόμενοι’
1216 1607 1306 1685 ιντός
1327 1611 1377 1674 εί-
1469 1699 1470 1706 ρ

267 1717 474 1805 στπῆδῆσαν,
497 1724 553 1783 καί
573 1719 747 1794 πανόπλοις
771 1720 942 1805 ἐπιφοραῖς
965 1711 1012 1778 ἔτι
1032 1716 1155 1797 πρωίας
1178 1703 1277 1794 οόσης
1301 1707 1377 1784 τεός
1469 1737 1470 1742 ’

269 1824 328 1888 τοτῖ
349 1818 529 1902 Βροτννίοο
546 1825 812 1946 κατργωνίσιιντο.
856 1815 983 1896 ιππότες
1013 1809 1089 1880 δέ
1072 1837 1158 1890 οντες
1180 1817 1294 1878 ἐκεῖνοι
1314 1835 1376 1876 των
1387 1813 1417 1864 15

273 1920 379 1986 ίπττοιν
402 1919 570 2003 ἐπιβαντες
593 1924 639 1997 είς
669 1918 777 2008 φνγῆν
811 1918 1021 2004 ἐξωρμῆκασι.
1069 1919 1116 2042 μῆ
1138 1909 1236 1982 όντων
1259 1915 1293 1977 δὲ
1316 1937 1377 1977 των

270 2026 305 2088 ἐν
325 2021 446 2109 ῆπειρῳ
469 2023 670 2105 στρατιωτῶν
698 2023 763 2088 κατ’
783 2015 858 2105 όψιν
886 2020 991 2085 αὐτῶν
1021 2021 1075 2084 καί
1095 2018 1290 2099 νπόντησιν,
1311 2016 1378 2080 δι’ἐ-

272 2146 375 2242 ppyos
396 2121 453 2207 τῆν
474 2125 709 2207 πανωλεθρίαν.
767 2119 948 2206 doaspovd’
974 2117 1177 2242 ἐπιφανειςό
1199 2107 1380 2189 Ῥουσέλιος

271 2222 334 2290 σόν
353 2227 395 2314 τῷ
418 2227 563 2313 προέδρτρ
584 2225 710 2313 Ἀλτξίτρ
732 2225 866 2303 ἐδίωξαν
885 2226 943 2305 μὲν
961 2223 1106 2308 κατόπιν,
1128 2217 1319 2305 βουλόμενοι
1342 2218 1378 2281 δὲ

272 2323 327 2391 τόν
349 2325 489 2413 διωγμόν
509 2328 662 2391 ἐπιτεῖναι
686 2325 741 2391 καί
760 2324 896 2400 πολλοὺς
928 2329 1049 2413 σφῆλαι
1073 2276 1136 2388 τόόν
1155 2320 1304 2388 ἐναντίων
1323 2321 1420 2383 sta-20
1470 2367 1471 2378 τ

270 2434 536 2513 τοτὀισεισμένοτις
566 2432 609 2518 τῷ
632 2430 723 2519 φόβῳ
751 2428 806 2495 καί
829 2429 1006 2517 φεύγοντας
1035 2427 1269 2510 ἀμεταστρεπτί
1290 2415 1396 2507 παριῖ

270 2532 335 2597 τοῖο
356 2532 447 2597 ἰδίων
467 2533 526 2595 οτίκ
547 2530 819 2617 είσῆκσόσθησαν,
842 2528 994 2596 δεδιότων
1014 2527 1050 2593 τό
1073 2528 1282 2609 α’ποτέλτσμα.
1304 2522 1382 2590 ἔπε-

270 2653 330 2697 οοτ
352 2634 389 2698 tl
403 2656 485 2709 τινες
506 2629 693 2708 Μακεδόνος
717 2634 751 2697 ἐν
775 2635 818 2721 τῷ
842 2629 967 2721 κόστρτρ
989 2630 1076 2718 napo}
1097 2634 1158 2696 τῶν
1174 2628 1267 2713 Ῥιός,
1289 2620 1382 2709 ἄλλοι

344 2791 371 2845 3.
391 2794 595 2867 ζωογονοῠσαν
615 2793 644 2847 G.

274 2938 408 2993 bellantes
433 2947 572 2993 verterent
596 2950 623 2993 et
647 2941 675 2993 in
705 2956 779 2995 suam
803 2956 909 2995 manum
935 2947 1137 2995 conservantem
1170 2946 1216 2991 ant
1238 2946 1382 2997 necantem
1471 2936 1472 2945 ’

274 3026 367 3063 omnes
394 3020 518 3081 tanquam
542 3014 570 3063 in
597 3020 656 3065 rete
682 3014 853 3082 redigerent:
877 3022 958 3082 atque
984 3021 1041 3065 erat
1067 3010 1208 3065 consillum
1232 3014 1333 3065 lirmnm
1353 3021 1384 3065 ct
1471 3018 1472 3025 ’

273 3086 473 3150 imperatoriam
500 3092 527 3135 et
546 3085 699 3137 venationis
717 3094 815 3151 tenax,
842 3094 978 3153 postremo
1006 3092 1094 3137 antem
1118 3098 1172 3135 non
1191 3084 1386 3138 conservatum·
1470 3092 1472 3145 4

272 3157 406 3207 victorine
423 3155 538 3223 perdidit
556 3157 726 3209 alimentum:
745 3157 943 3223 conveniebant
956 3158 1025 3209 enim
1043 3158 1072 3207 in
1086 3157 1199 3208 eundem
1216 3157 1306 3208 locum
1324 3164 1382 3208 tum

272 3228 376 3295 pedites
396 3235 423 3277 et
440 3227 546 3280 navalis
567 3230 717 3282 exercitus:
744 3232 881 3298 progressi
902 3237 990 3281 autem
1018 3236 1080 3281 ante
1099 3228 1191 3279 urbem
1212 3227 1312 3282 milites
1332 3230 1382 3296 qni

272 3306 400 3365 exparte
419 3300 536 3367 peditum
556 3308 641 3365 erant,
664 3309 691 3352 et
712 3310 842 3371 vagantes
861 3301 923 3353 inde
942 3302 975 3353 ad
995 3299 1186 3368 speculandum
1209 3309 1237 3352 et
1257 3316 1382 3368 occupa.

272 3373 373 3422 tionem
392 3371 581 3423 nonnullorum
600 3371 784 3437 Macedonum,
810 3375 856 3441 qni
876 3373 958 3441 longe
977 3374 1005 3422 in
1026 3373 1098 3441 agris
1117 3372 1302 3436 versabantur,
1321 3372 1382 3424 illis
1471 3388 1472 3399 ¹

272 3443 378 3510 quidem
398 3457 453 3493 non
471 3451 533 3494 sunt
552 3444 630 3511 potiti
650 3451 677 3495 et
695 3444 852 3497 aberrarunt
869 3461 885 3496 a
902 3446 1041 3512 proposito
1062 3458 1122 3495 cnm
1140 3444 1271 3512 Barangis
1290 3452 1382 3497 antem
1471 3506 1472 3509 Ἴ

272 3528 328 3565 non
347 3522 543 3580 convenerunt,
559 3515 664 3583 qnando
673 3516 804 3583 Atbvrem
822 3517 945 3585 aggressi
963 3523 1032 3568 sunt,
1070 3524 1158 3567 tamen
1176 3516 1291 3585 Barangi
1311 3531 1381 3583 por.
1471 3514 1472 3541 r

245 3627 250 3641 .
272 3594 313 3637 tas
324 3586 567 3655 einsell'ringcntes
585 3587 657 3639 intus
677 3588 840 3651 insiliernnt,
861 3596 888 3638 et
906 3589 982 3656 gravi
1001 3595 1150 3639 armaturae
1168 3588 1269 3655 impetn
1284 3589 1382 3639 etiam-

176 3662 184 3672 '
273 3663 328 3707 tnm
347 3656 562 3722 maneBryennn
574 3657 676 3711 milites
687 3657 870 3711 debellarunt
889 3659 932 3710 allr
945 3667 1042 3722 antem,
1057 3660 1171 3727 equites,
1182 3672 1267 3728 equos
1281 3675 1381 3713 ascen..

275 3728 391 3779 dentes
383 3743 411 3777 m
427 3728 517 3795 fugam
544 3744 573 3781 se
596 3730 784 3795 proiecerunt=
805 3738 964 3782 cumautem
979 3746 1033 3783 non
1054 3738 1144 3783 essent
1160 3732 1271 3795 milites,
1288 3732 1332 3801 qui
1351 3733 1382 3782 in
1471 3744 1472 3761 ι

274 3798 425 3849 continenti
439 3799 534 3849 erant
526 3814 554 3851 ττι
562 3808 707 3866 conspectu
721 3816 812 3853 eornm
822 3817 910 3870 neque
924 3803 957 3854 iis
967 3802 1136 3867 obvenirent,
1145 3803 1382 3870 ell'ugcrnntsum-
1470 3800 1472 3811 ⁴

186 3927 189 3931 ,
274 3882 342 3919 mam
358 3869 475 3921 cladem.
491 3879 587 3938 postea
597 3879 685 3923 antem
695 3872 842 3926 adveniens
855 3874 1052 3926 Rusellanum
1070 3874 1193 3941 praeside
1205 3874 1303 3933 Alexio
1315 3890 1383 3942 per-

273 3943 360 3994 secuti
385 3949 446 3994 sunt
471 3956 518 3994 eos
542 3958 558 3995 ιι
582 3951 677 4012 tergo:
703 3946 751 3997 sed
771 3960 830 3995 cnm
855 3944 960 3997 vellent
983 3946 1199 4013 persecutionem
1218 3946 1384 4013 protendere

275 4019 303 4064 et
319 4013 416 4065 maltos
430 4022 602 4082 prosternere
622 4016 792 4070 adversarios
807 4031 952 4069 concussos
969 4026 1041 4069 metu
1062 4025 1088 4070 ct
1102 4018 1238 4085 fugientes
1253 4021 1384 4071 irretorto

275 4084 366 4149 ocnlo,
385 4101 401 4136 a
420 4087 474 4138 suis
493 4101 547 4139 non
567 4088 685 4139 exauditi
703 4093 766 4142 sunt
782 4088 963 4141 metuentibus
989 4091 1096 4144 exitum.
1119 4086 1277 4143 ceciderunt
1293 4098 1386 4141 antem

271 4155 400 4210 nonulli
416 4157 601 4213 llacedones
593 4172 622 4211 an
641 4158 757 4214 castello
778 4176 812 4214 ex
829 4160 952 4227 noricis,
979 4161 1027 4214 alii
1046 4162 1104 4217 vivi
1122 4162 1194 4229 capti
1212 4171 1282 4231 sunt,
1303 4163 1384 4219 simi-
