2967 4825
422 288 931 399 1w*mmmuv·‘
1152 291 1224 368 rm

125 443 159 511 ei
176 448 236 523 μὲν
256 439 346 513 ἄλλοι
368 450 433 513 τοῖν
456 453 631 534 δικαστῶν,
660 451 885 541 μαρτυρούσης
907 478 963 537 μοι
987 458 1046 541 τῆς
1072 458 1225 543 α’ληθείας

126 548 226 629 αύτῆς
256 549 312 633 (ου’
331 546 393 633 γάρ
419 549 640 638 θρυπτόμενύς
666 580 698 621 τι
718 558 796 632 λε’ξω
825 550 847 639 ἢ
871 556 1008 641 ἐξαίρων
1025 556 1173 642 ἐμαυτὸν,
1202 553 1224 643 ἢ
1269 566 1272 577 '

125 645 243 725 σεμνύν
265 672 297 712 τι
319 650 374 714 καί
395 647 482 732 παρὰ
505 653 568 717 τῶν
590 654 770 739 αἷνδρύπων
791 654 937 739 θηρεύων
959 654 1104 722 ἔπαινον·
1148 660 1225 723 odet

123 743 185 829 γάρ
209 744 337 839 ἒμαυτρῖ
357 751 489 816 σύνοιδά
513 778 544 818 τι
566 754 701 839 ζηλωτύν
723 780 753 821 τι
780 759 835 821 καί
856 760 1032 842 περιδέξιον
1054 760 1123 823 oo'd’
1143 759 1250 838 ύτιει-Ι

98 852 224 933 ὀρυχῆς
243 874 272 913 τι
294 856 423 935 με’τριον
444 857 620 935 λείψανον·
660 855 820 942 ἀγαπητὸν
839 856 899 943 γάρ
921 858 1019 924 εἶναι’
1036 868 1102 937 τοῖς
1122 856 1225 943 ε’σχά-

124 972 192 1025 ταις
212 955 275 1017 sair
310 951 403 1038 λόγου
422 956 535 1042 :nocais
562 957 762 1040 μετεχόντων
790 964 1033 1048 συκταττοίμην)
1065 1002 1106 1013 -
1135 954 1225 1027 οὗτοι

17 1090 21 1096 ·
76 1129 84 1133 ,
124 1042 182 1119 νύν
205 1048 236 1115 οἱ
257 1054 412 1138 τῆς“ε’μῆς
435 1055 552 1133 τάξεως
572 1057 627 1121 καί
646 1062 811 1135 κοινωνίας
831 1054 852 1143 η”
873 1057 1017 1144 ἑταιρίας
1037 1068 1223 1128 συνεπαινέ-

124 1176 179 1217 ται
201 1156 256 1218 καί
275 1156 371 1219 αύτοί
391 1164 456 1233 τοῖς
476 1162 799 1241 προβεβουλευμένοις
815 1157 973 1247 γεγόνασι,
995 1159 1088 1243 μόνος
1110 1166 1140 1228 δ’
1163 1164 1223 1229 αύ-

123 1256 178 1331 τὸς
202 1255 347 1340 ἐσιώπων
370 1254 547 1339 ἱστάμενος.
593 1258 666 1326 ὅδὲ
688 1260 840 1343 βασιλεύς
862 1261 1165 1347 συμμετρησάμενος
1186 1264 1223 1329 τά

78 1377 116 1429 10
125 1359 277 1441 ἠρεμαῖον
298 1363 355 1442 τῆς
377 1360 446 1423 κατ’
467 1361 524 1440 ἐμὲ
545 1360 792 1445 παραστάσεως,
814 1362 906 1445 λόγον
928 1366 1124 1451 ἐξῃρημένως
1145 1358 1226 1451 άλῄ-

123 1461 198 1543 τησὲ
210 1480 260 1540 με,
281 1461 335 1523 καί
354 1463 389 1523 τί
400 1483 455 1542 μοι
476 1458 510 1526 τύ
536 1459 766 1545 παριστάμενον
790 1462 864 1546 περί
884 1459 1003 1528 τούτων
1025 1468 1120 1529 ἐστίν.
1139 1520 1149 1527 .
1166 1466 1227 1531 αύ-

125 1558 180 1635 τύς
210 1561 246 1624 δὲ
266 1556 537 1644 τερατευσάμενος
569 1562 722 1647 πρότερον
755 1563 797 1639 ὥς
827 1565 920 1628 onidis
938 1590 972 1629 τι
995 1569 1050 1630 τού
1084 1566 1227 1649 πλήθους

124 1656 215 1736 ἐκτός
239 1661 394 1745 δυναίμην
419 1664 519 1726 είπείν
550 1664 626 1727 odet
654 1662 887 1748 καρτερώτερος
920 1662 1083 1750 ὀφθῆναι,
1116 1660 1174 1731 κάν
1189 1690 1226 1731 τι

123 1757 297 1842 δοκιμάσω,
317 1762 442 1837 πάντως
464 1762 809 1847 ύποδοκιμασθῆσομαι
829 1768 885 1848 τῆς
905 1765 967 1829 τῶν
987 1762 1137 1832 πλειόνων
1161 1765 1229 1850 ψῆ-

80 1885 114 1938 15
123 1884 190 1948 φου
211 1858 454 1949 ἐπικρατούσης,
476 1864 529 1930 αἐί
549 1864 630 1945 μετά
654 1868 770 1949 πολλῆς
794 1862 809 1929 ὃ
833 1866 983 1943 βασιλεύς
1003 1868 1057 1951 τῆς
1077 1869 1227 1950 ἐπιμονῆς

124 1967 180 2029 καί
201 1968 255 2047 τῆς
276 1966 474 2046 α’μεταθὲτου
498 1966 675 2041 ἐκστάσεως
704 1967 923 2051 προετρέψατύ
944 1990 984 2049 με
1013 1965 1047 2032 τὸ
1068 1970 1149 2032 κατὰ
1173 1970 1256 2033 λιι-λ.
1270 1975 1356 2031 193r·

124 2064 240 2149 ηισμὸν
263 2065 365 2141 ύδειύς
384 2066 531 2150 α’νειπεῖν,
553 2064 609 2130 τάν
628 2063 702 2129 θεὸν
724 2062 895 2150 ἐπιστήσας
906 2090 962 2148 μοι
983 2066 1146 2151 μάρτυρα.
1167 2091 1227 2149 με·

124 2165 271 2251 ταβαλιύν
306 2159 363 2232 οὖν
383 2168 428 2251 μὴ
451 2168 596 2252 α’ρέσκειν
616 2192 670 2246 μοι
701 2164 755 2249 τῆν
788 2166 906 2250 βουλήν
926 2166 1044 2254 ταύτην
1068 2166 1169 2244 εύθύς
1194 2168 1228 2235 ia

125 2269 303 2351 προοιμίων
320 2269 528 2354 α’πῆγηειλον,
561 2267 713 2352 προσθείς
737 2264 779 2341 cic
811 2267 849 2333 oi.
863 2273 1008 2349 πολέμιαι
1032 2270 1069 2334 ου’
1089 2276 1228 2354 παντελῆ

76 2372 320 2462 σοδυσιιληρίαν
342 2374 396 2436 καί
415 2368 641 2456 καταστροφὴν
662 2371 696 2434 ἐν
717 2371 759 2458 τῷ
779 2372 903 2457 πολέμῳ
924 2366 1080 2448 ἐδέξαντο.
1124 2369 1144 2456 ἡ
1165 2372 1227 2454 γάρ

124 2466 246 2554 ἑσπέρα
265 2473 348 2556 ταχύ
373 2474 600 2553 καταλαβοῦσα
623 2468 774 2536 διέσωσεν
796 2469 921 2551 αύτούς,
943 2471 999 2536 καί
1015 2468 1049 2538 τὸ
1073 2473 1127 2536 ε’πί
1144 2476 1229 2554 τρεῖς

123 2571 248 2656 ἡμέρας
276 2571 430 2656 ἀνεθῆναι
460 2571 518 2655 τῆν
548 2575 655 2649 δίωξιν
683 2569 719 2637 τύ
754 2575 822 2648 δύος
857 2572 979 2648 τούτοις
1007 2572 1229 2636 ἀνεκαλέσατο.

124 2673 183 2737 κατ’
201 2674 294 2738 τούτο
312 2674 407 2756 δῆλον
420 2670 503 2738 ἔκιε
521 2674 576 2738 τού
594 2669 641 2755 μῆ
662 2659 923 2758 καταλειφθῆναί
941 2673 1057 2737 τιτῶν
1076 2667 1231 2766 λαφύρων

203 2850 230 2905 1.
250 2854 436 2925 συντδτιοιμι
455 2849 486 2906 0.
534 2909 537 2914 ,
556 2823 568 2846 ’

129 3018 166 3070 dc
187 3031 220 3068 eo
240 3017 327 3084 petiit.
348 3017 421 3086 atqui
440 3016 610 3084 alii‘quidem
630 3018 742 3082 iudices,
761 3019 788 3069 id
806 3018 876 3086 quod
897 3018 1034 3070 confirmat
1051 3015 1234 3070 mibi·reritas

131 3092 210 3157 ipsa,
230 3104 319 3158 neque
341 3089 410 3140 enim
428 3089 555 3142 simulans
580 3089 680 3158 aliquid
706 3091 791 3141 dicam
812 3097 858 3140 aut
885 3089 998 3141 efferens
1016 3105 1069 3153 me,
1090 3097 1135 3141 aut
1154 3088 1235 3156 ampli

130 3162 195 3230 quid
215 3170 243 3211 et
261 3161 294 3212 ab
318 3160 469 3220 hominibus
488 3169 595 3228 captans
614 3161 734 3217 laudem:
755 3176 844 3230 nepae
864 3162 933 3211 enim
953 3161 1075 3211 conscius
1093 3160 1158 3211 mihi
1177 3175 1235 3212 sum

130 3235 173 3284 rei
199 3234 374 3284 admiratione
398 3233 495 3305 dignae
520 3241 547 3283 et
570 3241 648 3299 aptae
675 3249 763 3300 neque
785 3231 946 3284 modicarum
966 3231 1144 3299 praestantiae
1165 3230 1234 3282 reli.

132 3306 265 3372 quiarum.
309 3312 446 3370 acceptum
473 3305 542 3356 enim
564 3312 650 3369 esset,
670 3305 692 3355 si
714 3305 773 3372 quis
799 3302 844 3354 vel
863 3303 962 3356 ultimis
982 3317 1083 3367 eorum,
1104 3303 1151 3369 qui
1171 3316 1234 3353 ora.

131 3378 215 3428 tionis
235 3390 342 3444 quoquo
369 3375 447 3426 modo
476 3377 620 3443 participes
645 3384 728 3439 eraut,
755 3393 797 3428 me
823 3383 1004 3443 componeret.
1043 3373 1070 3424 hi
1089 3375 1171 3440 igitur
1189 3373 1235 3441 qui

132 3464 168 3500 cx
186 3463 246 3498 meo
267 3448 360 3500 ordine
379 3454 407 3496 et
425 3448 610 3498 communione
636 3448 681 3499 vel
701 3449 830 3500 societate
851 3454 935 3510 erant,
963 3446 1117 3498 laudatores
1137 3451 1164 3496 et
1182 3443 1235 3511 ipsi

133 3529 214 3572 antea
236 3519 482 3578 statutis.fuerunt;
503 3517 577 3571 solus
596 3520 655 3585 ipse
674 3517 785 3571 silebam
805 3521 919 3571 adstans.
969 3533 1018 3570 rex
1036 3525 1123 3568 autem
1142 3516 1235 3568 consi-

131 3592 228 3644 derans
248 3592 366 3660 quietum
383 3605 459 3641 meae
479 3592 646 3658 praescntiae
665 3605 822 3658 responsum
841 3591 937 3660 (certis
956 3588 1061 3658 verbis)
1082 3595 1157 3640 extra
1174 3602 1235 3639 mo.

131 3679 190 3715 rem
209 3679 244 3714 ex
260 3678 303 3713 me
322 3663 457 3729 quaesivit
476 3670 502 3714 et
521 3662 583 3728 quid
602 3663 635 3713 de
662 3661 705 3714 his
723 3663 789 3713 mihi
812 3669 955 3714 constaret.
993 3662 1051 3728 ipse
1069 3667 1157 3711 autem
1177 3674 1236 3710 cum

92 3733 97 3748 “
131 3734 286 3787 simularem
303 3741 396 3796 autea,
424 3749 466 3784 mc
486 3733 556 3785 nihil
575 3732 668 3800 procul
687 3748 704 3783 a
729 3734 898 3786 multitudine
928 3747 1007 3800 posse
1026 3733 1128 3795 dicere,
1145 3745 1235 3800 neque

133 3806 292 3859 validiorem
310 3805 422 3872 adspici,
443 3811 469 3855 et
486 3806 508 3856 si
528 3805 591 3872 quid
608 3804 767 3871 probaturus
783 3821 869 3857 essem
881 3806 988 3855 omnino
1007 3802 1181 3869 improbatum
1191 3802 1237 3867 λεὶ,ι

131 3878 250 3946 plurium
269 3876 403 3928 sententia
421 3891 526 3943 semper
544 3878 720 3944 principatum
739 3884 859 3940 tenente,
878 3891 926 3927 rex
939 3874 1023 3926 multa
1042 3890 1100 3924 cum
1119 3874 1236 3926 assidui.
1307 3939 1310 3946 .

131 3957 189 4001 tate
210 3956 239 3998 et
255 3949 389 3998 immutata
409 3950 557 3999 constantia
576 3947 730 4016 exhortatus
756 3955 796 3999 cst
814 3963 873 4011 me,
901 3954 931 3997 ut
950 3945 1012 4013 quid
1030 3946 1157 3997 sentirem
1178 3946 1237 3996 sinc

130 4023 230 4072 timore
249 4020 375 4083 dicerem,
394 4021 471 4071 deum
489 4019 555 4069 mihi
576 4027 671 4071 testem
692 4019 865 4071 constituens.
884 4017 1048 4084 respondens
1074 4017 1156 4084 igitur
1182 4029 1239 4068 nou

135 4093 246 4160 placere
265 4090 329 4142 mihi
349 4089 490 4142 consilium
508 4088 560 4142 hoc
579 4093 667 4143 statim
685 4091 718 4142 ab
736 4091 815 4141 initio
834 4088 995 4152 nuntiabam,
1007 4088 1165 4154 'adiicicns,
1185 4088 1238 4138 ho.

134 4172 191 4217 stes
208 4178 264 4215 non
283 4161 434 4214 absolutum
452 4161 549 4212 malum
571 4172 597 4216 ct
619 4163 721 4214 ruinam
739 4164 767 4213 in
786 4161 859 4213 bello
871 4177 935 4212 acce
955 4161 1019 4213 isse.
1056 4175 1154 4228 vesper
1169 4160 1238 4212 eninr
1257 4164 1261 4168 “

133 4235 264 4289 celeriter
282 4249 418 4302 occupans
436 4235 556 4288 servarit
572 4250 635 4287 eos:
655 4243 682 4286 et
700 4250 759 4322 cum
778 4248 827 4302 per
844 4241 899 4289 tres
917 4177 974 4288 dies
983 4233 1164 4286 remitteretur
1172 4243 1238 4300 per.

195 4349 280 4406 aab
302 4347 390 4405 aaut
408 4346 477 4411 flor.
1036 4345 1054 4404 9
