2967 4825
558 285 779 399 menonis,
1035 234 1039 238 ¹
1136 277 1219 354 aaa

111 450 226 543 άρχην
247 461 373 533 πολλοῖς
402 450 569 537 τυράννοις
589 454 877 538 περιαντλουμένην
908 447 1043 518 κατότι
1064 443 1218 533 τῆνϊόάαν

112 555 248 642 κοίτην
268 553 416 641 ἑσπέραν.
460 552 507 620 ἔτι
528 553 564 618 δὲ
585 557 640 638 τῆς
661 553 779 620 τούτων
801 554 1058 638 φλεγμαινούσης
1079 551 1253 618 ἄπαστοι-ιλ·
1266 551 1350 610 23⁰¹·

112 662 201 745 σιάς,
224 664 280 725 καί
301 657 444 741 δαπάνης
467 649 536 720 οὔτι
558 658 696 738 σμικροῖς
724 650 805 718 atad
825 653 1003 736 πολυόλβου
1027 653 1083 718 καί
1103 675 1222 737 μυριο-

113 761 273 828 ταλάντου
296 763 468 841 δυνγιλειαν
489 762 553 823 τεόν
564 756 756 841 πραγμάτων
771 754 1002 842 ότιλζητοόντων
1025 751 1081 820 ε’πί
1099 776 1133 820 τε
1155 760 1222 830 τοῖς

89 869 358 946 δστρατιωτικοῖς
379 859 531 942 ὀψωνίοις
550 861 606 924 καί
618 866 688 933 ταῖς
709 851 823 933 ἄλλοις
844 861 906 922 τεόν
922 859 1039 938 καιροάν
1060 847 1223 942 α’φορμοιίς

114 967 175 1028 κατ’
195 965 407 1049 προφάσεσιν,
430 961 471 1026 ου’
492 960 572 1045 πρός
591 959 626 1023 τό
648 963 785 1044 μέγεθος
805 962 926 1024 τούτων
949 961 1003 1024 καί
1023 954 1083 1041 την
1104 951 1223 1024 τοσαό-

114 1089 175 1150 την
197 1068 310 1147 χρείαν
331 1065 488 1145 ε’πέβλεφε
510 1065 565 1126 καί
585 1059 810 1143 σμικρολογιάς
838 1057 994 1142 δεινότητι
1016 1051 1132 1124 ἑαυτὸν
1153 1058 1222 1123 εἰει·

116 1168 266 1247 δέδωκεν,
286 1165 357 1229 ἀλλ’
378 1167 411 1229 όν
436 1161 546 1228 πλάτει
567 1165 700 1244 καρδίας
721 1160 778 1226 καί
806 1164 940 1235 πίστεως
959 1159 993 1224 τό
1014 1158 1130 1234 πλάτος
1150 1160 1222 1224 ἐπι·-

114 1267 304 1351 ττίνωνμῆς
327 1263 407 1349 πρός
430 1263 465 1329 τό
487 1269 575 1329 θεῖον
596 1258 835 1347 εόαρέστηόεως
863 1263 967 1345 χροιάν
1000 1258 1162 1336 αἰιοκοπὰς
1180 1259 1222 1346 τῷ

76 1382 107 1436 10
117 1367 210 1456 δήμῳ
231 1357 325 1432 παντί
345 1365 400 1432 καί
419 1375 483 1442 τοῖς
502 1363 535 1430 ἒν
556 1370 638 1430 τέλει
659 1369 835 1443 νομοθετεῖ.
865 1362 918 1428 καί
938 1368 1046 1446 τίθησι
1065 1361 1099 1426 τό
1121 1362 1221 1443 δόγμα
1259 1398 1266 1418 s

116 1473 177 1534 οόκ
201 1470 254 1535 εἰιί
274 1467 382 1554 ῥητοῖς
403 1467 469 1533 τισί
488 1468 628 1552 χρόνοις,
650 1462 754 1549 άόσπερ
777 1462 854 1532 ἔνιοι
875 1467 938 1531 τεόν
962 1461 1023 1546 πρό
1044 1463 1101 1527 τοῦ
1124 1465 1221 1544 βασι-

116 1574 200 1636 λέων
225 1567 405 1656 ἐπιταφίοις
435 1572 569 1654 ἡμέραις
590 1567 796 1652 εἰργάσαντο,
818 1569 871 1633 καί
893 1563 1120 1647 καταλιμπάνει
1140 1557 1232 1646 χρόη-

117 1697 194 1750 νους
218 1669 306 1747 τινάς
338 1673 385 1746 τίς
416 1670 455 1736 τά
478 1669 659 1756 ἔμπροσθεν
680 1678 745 1747 τοῖς
766 1673 823 1736 τοῦ
857 1669 1011 1754 δημοσίου
1035 1665 1223 1751 σννηγάροις

118 1773 177 1838 καί
202 1771 394 1858 πράκτορσιν
425 1770 594 1854 ἐσομένους
627 1771 815 1859 ἐντράφημα
837 1770 891 1836 καί
912 1771 962 1858 ,τηῖ
982 1771 1123 1856 δημοσίφ
1143 1767 1225 1851 πρό·

78 1895 110 1950 15
120 1899 223 1963 φασιν
250 1872 406 1960 ὠφελείας
435 1872 490 1939 καί
509 1870 719 1956 ἀπαιτήσεως,
740 1871 784 1948 ὦς
816 1867 856 1936 όν
883 1870 911 1935 οἱ
937 1873 996 1951 μὲν
1014 1868 1223 1953 χρονιιότεροι

118 1979 281 2062 χρεῶσται
303 1977 360 2040 τοῦ
383 1978 538 2061 δημοσίου
553 1971 611 2049 τοὶς
632 1976 810 2060 οἰφεσίμους
831 1969 945 2058 ἑορτάς
968 1967 1171 2056 ἑορτάζωσιν,
1193 1966 1224 2034 οἷ

119 2081 157 2146 δὲ
179 2075 326 2163 νεάτεροι
355 2076 435 2162 π’ρός
457 2081 514 2163 την
533 2079 713 2160 άποτυχιάν
733 2071 983 2159 ἑπιστυγνάζωσι
1014 2075 1069 2138 καί
1100 2069 1224 2158 φθόνου

119 2179 226 2262 λαβὴν
244 2177 344 2263 ἔχωσι
365 2179 421 2264 τὴν
443 2183 506 2244 τάν
527 2176 807 2264 ἐλευθερωθέντων
830 2177 1000 2242 ὑπόθεσιν·
1042 2172 1123 2240 dati
1146 2177 1225 2240 πάν·

120 2307 186 2346 των
207 2277 289 2362 όμνῦ
307 2286 367 2347 τάν
387 2281 513 2366 χρόνων
536 2287 636 2365 μέχρι
657 2283 713 2362 τῆς
735 2282 834 2344 edroi
854 2277 1071 2364 α’νοιρρήσεως,
1093 2275 1148 2340 καί
1167 2299 1226 2356 με·

78 2383 200 2467 νθκρόν
222 2409 254 2448 τε
273 2381 364 2468 πρός,
384 2385 442 2459 τάς
467 2381 600 2469 όφειλάς
631 2383 822 2465 προρρίζους
847 2381 998 2462 α’πίτεμε,
1020 2382 1074 2443 κατ’
1094 2400 1223 2457 συμπα.

121 2487 215 2557 θείας
240 2487 361 2559 πάντας
379 2484 608 2567 καθαρωτάτης
631 2484 756 2566 ἠξίωσε,
787 2480 1013 2568 χρυσοβοόλλφ
1034 2481 1120 2567 λόγῳ
1139 2500 1224 2561 χρυ·
1248 2542 1251 2548 ,

121 2590 203 2651 uode
222 2587 388 2662 εἰιιπλεϊας
409 2584 536 2668 δεσμόν,
558 2582 728 2649 κωλυτικόν
752 2583 792 2647 δι’
815 2576 890 2646 όλου
913 2586 970 2645 τοῦ
993 2584 1055 2647 τάν
1074 2578 1223 2667 όφλημά·

121 2711 188 2754 ,των
208 2689 417 2771 βαδίσματος,
440 2683 644 2773 προσανελάν
666 2685 703 2752 ἒν
722 2683 822 2773 τοότφ
840 2686 895 2749 καί
914 2680 948 2749 τό
972 2680 1073 2769 χάριν
1091 2682 1225 2768 σχεδον.

187 2857 242 2910 λθ.
260 2859 397 2928 βασιλέως
415 2858 463 2922 (b,

125 3008 173 3078 qui
190 3021 245 3058 non
265 3006 405 3059 obedirent
424 3008 450 3057 ei
470 3015 497 3059 et
515 3008 758 3061 servorumvinstar
771 3008 920 3078 adorarent,
939 3008 1018 3062 valde
1038 3007 1116 3060 huius
1137 3007 1239 3077 gladio'

125 3090 156 3134 et
174 3079 337 3132 exercitibus
356 3080 526 3131 oeciderunt:
555 3078 602 3130 alii
627 3085 714 3130 autem
741 3079 786 3132 sel
813 3096 861 3134 sua
879 3088 975 3147 sponte
994 3081 1151 3133 servitutem
1170 3096 1228 3131 am.

123 3151 201 3220 plexi
220 3158 290 3203 sunt.
340 3152 445 3203 invenit
472 3153 541 3203 enim
565 3150 742 3203 Romanorum
768 3152 906 3218 imperium
924 3152 1015 3204 multis
1034 3153 1154 3217 tyrannis
1174 3152 1228 3201 cir.

125 3222 273 3275 cumfusum
293 3225 365 3290 etin
384 3226 488 3275 oriente
509 3230 535 3274 et
552 3223 580 3272 in
599 3223 757 3273 occidente:
786 3239 844 3274 cum
863 3230 951 3273 autem
971 3225 1104 3275 etiamtum
1135 3223 1229 3273 borum

124 3296 251 3363 flagraret
268 3295 364 3346 seditio
385 3304 411 3346 et
429 3304 529 3347 sumtus
548 3309 602 3344 non
623 3296 700 3360 parvi
721 3295 767 3345 sed
787 3294 877 3347 divitis
903 3302 930 3345 et
946 3295 1088 3347 multorum
1109 3294 1229 3347 talento.

124 3383 183 3419 rum
203 3366 306 3433 copiam
324 3382 368 3418 res
386 3367 554 3434 postularent
572 3366 600 3415 in
624 3365 783 3417 militaribus
803 3368 942 3432 stipendiis
961 3375 988 3417 ct
1006 3367 1103 3418 ceteris
1122 3376 1228 3433 tempo.

124 3454 182 3491 rum
200 3439 286 3489 causis
300 3446 326 3488 et
341 3439 536 3502 occasionibus,
555 3452 609 3487 non
626 3436 658 3487 ad
669 3437 877 3505 magnitudinem
897 3438 1139 3490 harum'ettantum
1151 3452 1226 3489 usum

125 3511 258 3577 spectavit
278 3518 304 3560 et
322 3512 501 3577 parsimoniae
523 3509 655 3559 molestiis
674 3524 703 3561 se
724 3509 806 3573 dedit,
826 3510 872 3561 sed
889 3511 917 3560 iu
936 3509 1075 3561 latitudine
1095 3510 1181 3561 cordis
1202 3516 1229 3559 et

95 3633 98 3639 ,
125 3583 189 3634 lidei
208 3581 373 3632 latitudinem
392 3583 534 3634 intendens
552 3581 660 3647 pietatis
679 3580 732 3644 dei,
753 3580 856 3632 tabulas
875 3596 960 3633 novus
980 3581 1080 3649 populo
1099 3582 1227 3632 universo

127 3662 155 3706 et
172 3653 368 3720 magistratibus
394 3656 479 3705 sancit
504 3662 531 3705 et
565 3653 703 3703 constituit
729 3652 863 3703 decretum
888 3668 943 3705 nou
969 3654 1048 3705 certis
1074 3652 1229 3721 quibusdam
1284 3696 1289 3701 .

126 3726 219 3789 annis,
239 3726 309 3777 sieut
329 3724 453 3776 nonnulli
472 3727 576 3792 priores
594 3738 675 3790 reges
703 3724 797 3777 diebus
809 3765 811 3769 .
824 3725 926 3778 funeris
946 3724 1076 3790 fecerant,
1098 3733 1124 3777 et
1141 3722 1229 3775 relin.

127 3799 186 3865 quit
202 3811 286 3847 annos
306 3798 432 3864 quosdam
450 3799 556 3864 priores
573 3795 669 3845 aerarii
689 3798 808 3862 patronis
828 3804 855 3848 ot
875 3797 1042 3852 exactoribus
1062 3796 1182 3859 delicias,
1203 3803 1230 3847 et

127 3870 231 3920 aerario
253 3870 422 3919 occasionem
451 3868 574 3920 utilitatis
600 3874 627 3916 et
652 3869 816 3930 exactionis,
841 3876 871 3919 ut
895 3870 1074 3921 diuturniores
1093 3868 1229 3921 debitores
1308 3914 1311 3922 s
1375 3874 1378 3882 '

127 3941 224 3993 aerarii
243 3939 412 3992 liberationis
443 3940 511 3991 lesta
531 3938 709 4000 celebrarent,
737 3940 857 3989 iuniores
876 3939 945 3990 malo
966 3939 1089 3992 dolerent
1110 3948 1136 3990 et
1155 3940 1229 3991 iuvi.

114 4014 187 4064 -diac
209 4013 378 4070 occasionem
397 4011 525 4063 baberent
555 4009 729 4062 liberatorum
752 4018 952 4076 argumentumz
980 4012 1027 4063 sed
1055 4011 1170 4061 omniurn
1189 4012 1228 4061 si.

125 4084 180 4136 mul
199 4099 328 4135 annorum
346 4097 431 4150 usque
457 4084 488 4134 ad
507 4098 580 4134 suam
603 4080 827 4142 renuntiationem
851 4088 878 4132 et
905 4080 1012 4147 paulum
1031 4082 1120 4135 debita
1137 4082 1229 4133 lundi-

126 4164 170 4208 tus
189 4152 310 4219 abscidit,
331 4162 358 4205 et
375 4155 558 4206 misericordia
577 4168 668 4205 omnes
687 4152 829 4219 purissima
840 4152 963 4221 dignatus
983 4162 1032 4219 est,
1052 4152 1229 4222 imperatoriis

127 4225 215 4284 literis
233 4224 522 4295 aureum-impleuere
540 4224 676 4281 vinculum
704 4222 884 4291 impedimenti
904 4240 952 4294 per
980 4233 1064 4279 totum
1083 4224 1229 4282 debitorum
