2967 4825
254 244 365 343 ιον,
463 358 465 363 .
557 246 1061 322 urcnnnssanranornn

254 445 309 493 σιν
326 421 406 508 πρδς
428 426 483 491 τδν
505 421 700 508 βουλόμενον
715 425 770 490 ταί
791 422 964 509 διοίλυτον,
984 423 1039 491 καί
1059 414 1156 500 οδτας
1171 417 1277 487 δδεδει
1296 421 1355 487 διὰ
1388 416 1391 423 ’

254 522 425 592 adnant
444 526 566 610 α’γαθδν
587 532 643 611 τῆς
667 529 837 613 ου’θηνίας,
865 525 1028 613 φθονήσας
1049 528 1102 610 τῆς
1122 525 1288 608 εδετηριάς
1311 526 1358 613 τᾷ

255 622 362 716 κδσμηι
381 627 549 713 φοδνδακα
570 628 659 702 διττὸς
679 629 737 696 τοί
759 620 866 705 ἄστεος
886 624 1124 712 δνιαγκτίκιστος
1144 627 1357 707 ἐποικοδομεῖ,

174 777 178 787 ,
255 727 315 793 κείν
336 727 434 819 ταύτην
457 733 732 816 συναθροίζεσθαι
746 728 810 808 ’τοὶς
835 727 967 812 δμδξας-
989 730 1182 812 έπισκήπτει,
1202 728 1359 813 βασιλικῷ

234 919 237 923 v
254 826 418 915 γράμματι
441 834 533 897 τοῦτο
551 833 790 915 διορισάμενος·
834 836 889 897 καί
901 826 1094 915 μονοπώλιον
1111 830 1236 913 τίθησιν
1255 828 1300 902 είς
1319 824 1386 893 rit

253 928 498 1014 ἀναγκαιότατον
521 936 653 1019 χρῆμα,
681 932 735 998 τδν
770 941 874 1019 σίτου,
905 933 1039 1018 μηδενὸς
1060 933 1237 1010 δυναμένου
1264 931 1294 994 εί
1310 925 1355 1011 μὴ

255 1029 319 1095 α’πδ
342 1036 401 1097 τοῦ
429 1030 606 1119 φοίνδακος
627 1032 868 1120 ἐξωνήσασθαι,
891 1033 1074 1121 φοδνδανος.
1096 1036 1151 1098 τοῦ
1173 1033 1281 1095 δολίου
1304 1031 1361 1094 καί

254 1130 489 1214 δαιμονιοίδονς
516 1133 701 1220 πράγματος
732 1133 787 1199 καί
816 1136 974 1217 ὀνόματος.
1030 1138 1062 1212 ἐξ
1091 1124 1130 1197 οὗ
1157 1130 1219 1215 γὰρ
1242 1128 1360 1205 ἐκεῖνος

253 1234 374 1318 έποίγη,
403 1233 424 1316 ἧ
446 1233 579 1320 εδθηνία
602 1238 665 1300 τιδν
685 1236 807 1301 πόλεων
829 1224 950 1324 ᾤχετο,
971 1236 1024 1301 καί
1044 1236 1064 1319 ἦ
1086 1237 1141 1300 τοῦ
1162 1236 1254 1297 θείου
1274 1230 1357 1313 Ια’ργτὶ

252 1332 293 1398 τὰ
315 1332 376 1397 alno*
398 1334 580 1416 Ῥωμαίους
608 1335 764 1418 μειζόνως
792 1340 974 1419 κατέλαβεν.
1018 1336 1055 1401 ου’
1085 1336 1168 1420 γάρ,
1191 1327 1298 1416 δίοαερ
1321 1330 1357 1397 sal
1370 1343 1404 1397 10

255 1432 408 1518 πρότερον
427 1427 476 1520 ἦν,
496 1435 513 1500 δ
534 1434 722 1518 βουλόμενος
751 1440 894 1518 ε’ξωνείτο
918 1433 983 1503 τὸν
1002 1444 1091 1503 σῖτον
1120 1435 1175 1501 καί
1198 1430 1277 1515 μετὰ
1301 1431 1360 1497 τοῦ

254 1539 434 1613 παλοδντος
455 1535 656 1623 ουνήλλαττε,
677 1543 733 1603 καί
752 1540 858 1621 εἴπερ
890 1538 934 1621 μὴ
958 1536 991 1604 ίν
1012 1540 1092 1626 τῷδε
1112 1541 1155 1623 τῷ
1175 1538 1359 1623 κατατοπίρι

255 1639 423 1723 ἠρέσκετο,
450 1643 633 1720 μετέβαινεν
659 1642 705 1714 τίς
734 1640 770 1704 τό
793 1635 870 1705 ἄλλο
900 1644 958 1705 καί
982 1635 1079 1714 αὖθις
1099 1640 1144 1713 εἷς
1167 1640 1283 1722 ἕτερον,
1305 1633 1362 1699 καί

165 1819 169 1823 ³
254 1736 319 1805 α’πδ
351 1743 414 1805 ταῖν
442 1740 573 1822 δμαξοῖν
603 1740 623 1824 ἦ
651 1742 768 1822 πρᾶσις
798 1741 932 1825 ἐγίνετο·
984 1735 1052 1805 ἀλλ’
1081 1739 1287 1825 εἰσερχόμτνα
1318 1737 1358 1803 τὰ

252 1839 394 1925 γεοίργια
425 1842 459 1904 έν
483 1843 521 1928 τῇ
536 1843 592 1906 τοῦ
613 1840 794 1926 φοδνδακος
822 1840 928 1929 εἱρκτῇ
956 1836 1199 1929 σιτοίναςιείχον
1218 1843 1406 1915 ένοίκους15
1477 1810 1478 1875 l

247 1946 315 2008 ’τοῦ
336 1941 512 2028 φοίνδαιιος
540 1944 595 2007 καί
624 1945 853 2029 σιτοκαπὴλους
882 1941 1029 2021 πολλούς,
1052 1945 1107 2008 καί
1127 1935 1213 2007 οὗτοι
1234 1964 1361 2025 προαρ-

255 2039 408 2121 τιοίζοντες
431 2040 485 2107 τὸν
502 2050 588 2109 οίτον
604 2047 774 2122 έξοονοῦντο
797 2050 851 2110 καί
861 2046 1050 2129 ’ἅπτετ’θουν,
1071 2048 1125 2129 καί
1139 2044 1360 2128 διηγωνίζοντο

256 2145 433 2227 κερδαίνειν
459 2144 513 2208 έπί
550 2150 592 2235 τῷ
618 2148 792 2227 νομίσματι
818 2146 998 2228 νομίσματα
1027 2150 1109 2230 τρία.
1160 2140 1301 2229 ’ἠγόραζε
1324 2144 1362 2207 δὲ

256 2243 319 2309 cino*
341 2250 404 2311 τῶν
426 2242 558 2325 δμοξοδν
580 2249 695 2329 ου’δείς,
719 2241 795 2312 οὔτε
810 2247 957 2323 ναυτικδς
974 2243 1108 2330 είσοίγιον
1130 2244 1228 2309 ου’τδν
1241 2244 1287 2318 τίς
1303 2239 1362 2326 τὴν

253 2347 490 2431 ’βασιλεύουσαν
525 2343 598 2415 οὔτε
629 2349 756 2427 α’στικὸς
787 2340 860 2414 οὔτε
892 2342 1037 2434 ἄγροικος
1070 2342 1142 2413 οὔτε
1174 2340 1266 2420 ἄλλος
1299 2343 1408 2422 orl-20

257 2451 344 2525 δαίς·
386 2449 457 2513 ἀλλ’
488 2446 550 2515 ἀπὸ
571 2454 635 2516 τῶν
662 2451 882 2536 σιτοκαπὴλων
904 2454 960 2516 τοῦ
987 2449 1166 2537 φοίνδακος
1199 2448 1361 2533 ἡπροῖοις

257 2552 455 2634 προέβαινεν,
478 2551 522 2627 cic
543 2556 655 2616 ἐκείνοι
676 2544 921 2634 spoliaverant
946 2552 963 2616 δ
986 2552 1227 2637 προκαθήμενος
1252 2550 1360 2614 adama

257 2650 383 2733 λυμεοίν
399 2653 646 2738 φουνδακοίριος,
668 2650 703 2731 ὃς
726 2657 918 2738 καινοτομιδν
944 2650 1016 2729 τούς
1042 2649 1093 2718 τὸν
1115 2660 1201 2719 σῖτον
1223 2655 1359 2734 sarapis.

327 2815 355 2868 3.
367 2829 466 2885 margo
484 2820 657 2891 κομμίρκιον
682 2782 730 2872 καί
751 2818 845 2892 φέρον
864 2821 959 2876 ιίτουν
978 2816 1150 2890 πανήγυριν.

220 2993 226 2997 -
256 2961 370 3014 liberum
388 2962 477 3015 iacere
496 2965 683 3017 commercium
703 2982 761 3016 cum
781 2967 876 3034 quovis
896 2974 923 3017 et
942 2965 1103 3034 expeditum,
1122 2973 1203 3033 atque
1227 2965 1266 3014 ita
1290 2977 1359 3030 pro.

255 3035 355 3086 cedere
373 3035 479 3087 omnino
499 3036 612 3089 salutem
630 3037 817 3102 abundantiae,
842 3038 966 3090 invidens
987 3035 1091 3106 copiam
1110 3034 1359 3101 mundo,horreu1n

255 3115 331 3159 extra
348 3107 441 3159 urbem
459 3109 590 3175 pessimus
616 3109 694 3160 borno
715 3111 881 3175 exaedificat,
902 3118 928 3161 et
946 3111 974 3160 in
993 3110 1045 3162 boc
1064 3110 1125 3176 cogi
1146 3123 1240 3160 currus
1267 3107 1357 3172 iubet,

255 3181 339 3247 regiis
358 3179 444 3232 literis
470 3179 521 3231 boc
539 3182 693 3248 perliciens,
714 3190 740 3231 et
753 3183 936 3250 monopolium
955 3183 1068 3249 imponit
1085 3181 1198 3232 maxime
1226 3193 1359 3231 necessa.

254 3254 312 3306 riae
332 3251 548 3317 reb-frumento,
568 3269 627 3305 cum
645 3269 723 3305 nemo
742 3262 836 3321 posset
853 3255 904 3306 nisi
926 3271 959 3306 ex
983 3254 1081 3305 horreo
1104 3268 1212 3315 emere,
1241 3251 1357 3315 horreo,

255 3325 383 3379 insidiosa
403 3332 430 3374 et
447 3325 552 3392 ingenti
573 3341 603 3376 re
622 3333 702 3394 atque
720 3326 937 3395 significatione:
958 3342 991 3377 ex
1010 3340 1062 3394 quo
1084 3326 1152 3375 enim
1171 3323 1239 3374 illud
1258 3323 1358 3375 indue.

255 3407 309 3450 tum
330 3403 379 3458 eat,
399 3395 515 3447 felicitas
538 3397 643 3448 urbium
662 3397 849 3462 evanescebat,
870 3407 896 3450 et
914 3399 953 3449 ira
973 3398 1064 3450 divina
1082 3412 1125 3448 res
1137 3395 1252 3448 Graecas
1271 3396 1358 3462 magis

256 3468 390 3521 obtinuit:
409 3483 498 3535 neque
520 3470 599 3533 enim,
620 3477 650 3520 nt
669 3478 748 3521 antea
767 3470 872 3535 iuerat,
892 3471 937 3538 qui
957 3468 1052 3532 vellet,
1073 3467 1178 3519 emebat
1197 3466 1359 3518 frumentum

153 3578 158 3586 .
256 3550 361 3593 etcum
380 3539 514 3590 vendente
528 3543 767 3592 'commutationem
785 3543 878 3608 inibat,
898 3549 978 3612 atque
997 3544 1019 3593 si
1037 3541 1065 3593 in
1084 3540 1136 3591 boc
1161 3539 1223 3590 loco
1250 3539 1277 3589 ei
1301 3553 1358 3589 non
1391 3589 1395 3592 .

178 3667 185 3673 ,
256 3612 387 3681 placeret,
407 3610 536 3662 transibat
553 3612 586 3662 ad
604 3611 685 3663 alium
704 3603 851 3682 rursusque
870 3615 901 3666 ad
920 3613 1017 3676 alium,
1044 3620 1070 3663 et
1090 3629 1123 3664 ex
1141 3610 1264 3663 curribus
1284 3625 1358 3661 ren.

234 3685 323 3735 ·ditio
343 3681 439 3732 liebata
461 3681 507 3732 sed
527 3683 618 3750 fruges
636 3696 705 3750 quae
723 3685 932 3751 importabantur
950 3687 977 3736 in
997 3685 1086 3735 horrei
1113 3689 1235 3750 septum,
1261 3682 1360 3734 darda-

254 3754 347 3806 narios
365 3750 498 3802 habebant
516 3753 694 3807 inhabitantes
714 3756 812 3809 horreo
823 3766 859 3809 'et
877 3757 1004 3826 propolas
1022 3756 1136 3808 multos:
1156 3762 1236 3822 atque
1256 3754 1285 3804 hi
1311 3767 1361 3805 ra.

254 3826 362 3893 pientes
381 3822 540 3874 frumentum
551 3826 673 3879 emebant
692 3836 719 3878 et
730 3829 897 3896 reponebant
911 3838 938 3882 et
956 3829 1093 3881 certabant
1105 3827 1205 3879 lucrari
1224 3841 1285 3879 asse
1303 3833 1361 3877 tres

256 3911 347 3947 assest
367 3895 473 3945 emebat
490 3905 577 3948 autem
597 3914 631 3950 ex
641 3900 762 3952 curribus
774 3917 862 3965 nemo,
881 3917 971 3968 nequo
997 3907 1078 3951 nauta
1102 3898 1262 3966 importabat
1290 3896 1362 3949 illud

256 3970 284 4018 in
303 3966 404 4030 arbem,
426 3981 514 4035 neque
533 3969 648 4023 urbanus
666 3988 755 4039 neque
775 3973 894 4040 agricola
912 3987 1001 4039 neque
1011 3971 1084 4024 ullus
1103 3970 1172 4023 alius
1184 3971 1278 4022 :seda
1292 3983 1361 4035 pro-

254 4037 328 4106 polis
348 4037 437 4089 horrei
457 4040 577 4092 venditio
590 4044 762 4109 procedebat,
782 4047 851 4097 sicut
864 4044 904 4097 illi
917 4043 1060 4096 volebant:
1080 4051 1160 4111 atque
1179 4055 1291 4108 praeses
1308 4054 1363 4092 eo-

257 4125 325 4174 rnm,
343 4109 471 4176 perditor,
491 4111 579 4164 borrei
601 4115 806 4180 administrator,
828 4118 873 4185 qui
893 4131 964 4168 novo
990 4116 1069 4168 modo
1095 4113 1211 4166 vexabat
1238 4114 1365 4166 irunien-

255 4189 312 4235 tnm
331 4180 494 4236 deducentes
513 4191 542 4234 et
553 4184 712 4240 frumentum
731 4187 773 4239 his
793 4189 906 4256 turpiter
926 4185 1058 4242 adimebat
1077 4195 1103 4241 et
1121 4188 1215 4258 gravia
1234 4186 1365 4256 remma·
