2967 4825
575 246 785 321 HISTORlA.
808 332 811 336 r
1156 248 1228 327 180
1265 282 1271 291 ·

128 404 269 490 τὴντῶν
290 414 559 494 πυρπολουμένων
583 407 664 500 ὅλην
692 413 1001 500 παρασκευάζοντος.
1043 418 1228 501 καταμαλά.
1314 462 1318 470 -

127 512 179 587 ξαι
201 510 237 573 δέ
256 511 427 597 βουληθείς
464 508 652 596 δβασιλεάς
682 515 814 601 crissoni
835 516 1005 602 βαρβάρου
1027 516 1224 609 θρασύτητα,

124 614 242 694 πέμπει
271 610 370 701 τοάτφ
397 614 455 698 τήν
481 617 568 681 ι’δίαν
584 625 720 701 γυναῖκα
758 614 837 698 μετά
870 623 931 684 τάν
962 622 1085 689 παίδων
1113 625 1226 690 αάτοῦ.

122 718 364 796 μεταπέμπεται
385 716 420 779 δέ
440 716 495 791 καί
513 717 590 795 τοὺς
616 717 777 801 Τοάρκους
801 722 983 807 λαθραίως,
1005 717 1066 808 ἤδη
1087 726 1125 811 τῇ
1139 719 1227 790 Ῥω-

99 820 228 895 5μαίων
247 816 485 901 προσβαλόντας
508 817 701 910 ἐπικρατείᾳ,
722 824 779 886 καί
798 827 930 899 πολλαῖς
945 820 1138 909 άποσχέσεσι
1154 831 1226 892 πεί-

122 918 240 1006 decerpi
264 916 433 1008 Ῥσυοελίφ
462 921 751 1002 άνταγωνάιασθσι.
787 920 804 985 δ
833 924 868 987 dd
883 923 1060 1003 Ῥουσέλιος
1082 921 1164 1012 άρας
1190 932 1225 996 έκ
1271 978 1276 1000 r

123 1017 362 1100 Χρυσοπόλεως
388 1022 434 1095 εἰς
455 1018 513 1104 τήν
535 1018 755 1113 Νικομήδειαν
775 1024 958 1101 σπουδαίως
985 1024 1222 1112 άπανεχαὶρηοε.

120 1113 309 1198 βουλεύεται
339 1122 445 1186 τοίνυν
470 1115 546 1195 τοάς
569 1121 766 1205 στρατιώτας
797 1125 859 1189 τεάν
877 1120 1043 1206 Ῥωμαίων
1064 1126 1224 1215 δπσποιη-

119 1223 244 1284 condet
276 1223 333 1285 καί
360 1222 405 1297 είς
432 1223 551 1306 πλῆθος
580 1224 663 1305 μέγα
690 1224 744 1289 τὸν
778 1228 892 1293 οἰκεῖον
920 1225 1046 1312 ἀγείροι
1079 1220 1222 1314 στρατόν.

79 1320 178 1385 idaco*
199 1318 252 1385 διά
276 1324 368 1387 τοῦτο
392 1324 454 1388 sois
474 1323 600 1415 despuis
628 1323 793 1413 άπολάσας
826 1322 881 1390 rtis
901 1331 1068 1414 Καίσαρα,
1090 1330 1145 1395 καί
1164 1354 1223 1416 φι-
1416 1410 1423 1421 ,

117 1424 323 1507 λανθριάποις
348 1422 510 1503 δεξιώσεσι
529 1422 586 1500 τάς
612 1424 723 1512 πριάην
745 1424 897 1504 κακώσεις
926 1426 1014 1513 παρά
1037 1432 1143 1496 πάσαν
1165 1436 1249 1498 θεοί.
1268 1435 1356 1497 wir·

115 1522 427 1611 ραπεάσσς-έλπίδα,
448 1530 582 1609 βασιλέα
597 1530 766 1610 Ῥωμαίων
787 1532 897 1595 τοῦτον
921 1516 1096 1617 άνιστησιν,
1118 1533 1220 1621 εάφη-

114 1627 208 1705 μίαις
238 1628 295 1691 καί
326 1625 527 1713 παρασήμοις
557 1632 734 1710 βασιλικοῖς
762 1627 798 1694 τά
832 1631 947 1716 κράτος
978 1632 1062 1719 adipi
1084 1639 1220 1718 μεγαλα·

115 1729 244 1811 uper&
265 1728 612 1817 σνγκαταστησάμενος.
654 1730 724 1794 έπεί
756 1733 790 1795 δὲ
819 1728 898 1814 μετά
928 1728 986 1815 τὴν
1008 1732 1220 1821 άναγόρευσιν

76 1823 231 1899 λὸιοάτσυ
252 1827 381 1912 α’γγελία
412 1854 457 1905 τις
478 1832 539 1895 τῶν
564 1825 712 1915 Τσάρκων
732 1824 842 1908 αάτοῖς
863 1835 1002 1919 ἐπῆλθε,
1023 1838 1220 1927 πανστρατιᾷ

113 1929 171 2000 τάν
191 1927 358 2015 λεγόμενον
373 1932 510 2018 Σόφωνα
531 1932 567 1999 τδ
592 1925 666 2019 ὅρος
689 1932 884 2018 άπερβάντες
906 1933 1010 2019 άγχοιῖ
1035 1940 1094 2003 τοῦ
1113 1962 1219 2026 φρου·

113 2036 189 2118 ρίου
216 2034 270 2117 τῆς
291 2035 485 2116 Μεταβολῆς
511 2031 571 2119 τήν
604 2031 809 2119 παρεμβολὴν
838 2031 1038 2121 ἐποιήσαντο.
1092 2040 1155 2104 τῶν
1183 2041 1219 2105 δέ

112 2135 241 2198 σκοπάν
277 2131 533 2216 ἀπαγγειλάντων
563 2129 608 2210 oie
638 2157 720 2210 τινες
749 2138 910 2216 πολέμιοι,
936 2138 977 2199 ου’
1001 2140 1129 2215 πλείους
1157 2140 1219 2205 τῶν

111 2237 205 2300 πέντε
228 2227 250 2318 ἢ
271 2236 304 2314 ἓξ
323 2234 490 2318 χιλιάδων,
515 2236 626 2318 ου’τοΐς
641 2233 855 2323 ἐπεφάνησαν,
876 2222 979 2312 scidiis
1003 2236 1218 2317 δῬονσέλιος

70 2335 148 2409 υσεδ
174 2332 321 2401 ε’νυάλιον
344 2336 503 2417 άλαλάξαι
525 2342 733 2422 προσέταττε,
756 2340 811 2403 καί
830 2334 863 2402 τά
888 2336 1111 2424 στρατιωτικὸν
1132 2333 1217 2407 deas

113 2435 268 2518 ε’ξαάπλιζε
291 2435 372 2523 πρδς
403 2437 457 2504 τδν
480 2440 629 2522 πόλεμον.
676 2432 758 2525 η’σαν
790 2442 835 2520 δὲ,
849 2439 965 2516 πάντες
985 2437 1016 2506 οἱ
1033 2440 1135 2533 τοάτιρ
1156 2467 1217 2508 συ-

111 2537 358 2624 στρατευόμενοι
380 2537 523 2626 Φράγγσι
545 2535 728 2608 ἑπτακόσιοι
750 2541 804 2608 καί
832 2545 1000 2627 ultumum·
1023 2545 1130 2620 ου’δείς
1152 2543 1215 2630 γάρ
1318 2579 1322 2584 -

110 2636 158 2708 ἔτι
179 2645 243 2708 τάν
267 2641 436 2724 Ῥωμαίων
461 2645 570 2722 adnoto
602 2640 784 2732 προσερράη
816 2640 871 2710 διά
892 2644 928 2709 τδ
952 2642 1009 2731 τὴν
1030 2640 1141 2734 φήμην
1160 2648 1216 2730 τῆς

186 2809 211 2861 1.
231 2812 486 2884 παρασκευάζοντα
505 2811 535 2866 G·
555 2805 558 2808 ’

111 2958 219 3024 liberis,
238 2959 352 3013 arcessit
370 2951 449 3013 etiam
468 2960 565 3014 Tureas
585 2958 653 3012 clam
671 2959 723 3013 iam
735 2959 897 3013 Graecorum
916 2959 1082 3028 provinciam
1099 2973 1213 3030 aggres.

112 3047 158 3086 soa
180 3039 206 3083 et
223 3030 321 3086 multis·
332 3033 470 3101 promissis
488 3032 631 3101 persuadet
648 3039 677 3083 ut
696 3030 808 3084 lluselio
827 3032 1040 3091 adversarentur.
1088 3031 1213 3085 Ruseliua

111 3112 203 3156 autem
221 3112 308 3156 castra
326 3120 437 3157 mouens
457 3100 618 3172 chrysopoli
636 3104 817 3156 Nicomediam
841 3104 960 3155 studiose
978 3104 1108 3156 recessit:
1127 3103 1214 3154 studet

112 3177 198 3245 igitur
220 3175 322 3229 milites
342 3177 502 3231 Graecorum
531 3175 582 3229 sibi
607 3175 755 3227 conciliare
780 3174 856 3226 etad
879 3174 1212 3242 multitudinemmagnam

112 3263 190 3302 suum
209 3262 308 3316 cogere
329 3249 490 3301 exercitum:
510 3255 589 3316 atque
607 3247 668 3298 ideo
687 3245 803 3299 vinculis
826 3246 936 3298 solvens
956 3245 1096 3300 Caesarem
1117 3253 1143 3296 et
1159 3243 1212 3296 be.
1283 3264 1285 3270 ·

28 3342 31 3355 =
111 3319 204 3388 nignis
222 3321 315 3388 gratiis
334 3321 438 3388 priores
464 3321 575 3372 iniurias
600 3327 705 3386 praeter
730 3333 833 3370 omnem
852 3333 925 3384 spem
951 3318 1100 3386 corrigens,
1120 3331 1211 3384 regem

81 3413 86 3422 ·
113 3391 277 3446 Graecorum
297 3391 367 3444 hunc
386 3393 503 3444 restituit
521 3389 724 3444 salutationibus
753 3399 780 3441 et
796 3390 945 3459 insignibus
964 3390 1047 3458 regiis
1066 3389 1210 3457 potentiam

112 3466 139 3516 ei
158 3461 300 3533 magnifice
319 3465 505 3517 constituens.¹
532 3478 590 3515 cum
608 3471 696 3514 autern
710 3470 770 3530 post
785 3461 991 3514 declarationem
1006 3461 1084 3524 liuius
1103 3460 1210 3512 nuntius

110 3535 254 3588 'l'urcamm
272 3537 474 3600 iis'alierretur,
492 3543 549 3587 toto
568 3551 626 3586 eum
646 3535 767 3586 exercitu
784 3532 936 3601 Sophouem
955 3535 1000 3603 qui
1018 3533 1114 3586 dicitur
1131 3546 1210 3583 mon.

110 3615 164 3660 tem
182 3609 344 3677 transgressi
362 3623 446 3677 prope
465 3607 604 3660 castellum
614 3603 765 3660 lletabolen
784 3613 870 3658 castra
887 3612 1042 3673 posuerunt.
1079 3604 1210 3672 quodcum

65 3693 74 3705 ·
111 3680 296 3748 speculatores
314 3682 491 3744 nuntiassent,
505 3679 596 3731 hostes
610 3676 765 3741 nonnullos,
784 3692 838 3729 uon
854 3677 945 3745 plures
964 3678 1081 3746 quinque
1099 3683 1144 3727 aut
1161 3689 1210 3726 sex

110 3752 221 3805 milibus
240 3752 292 3805 sibi
311 3755 476 3820 apparuisse,
496 3752 583 3803 statim
602 3749 727 3801 lluselius
747 3748 890 3801 clamorem
908 3747 1035 3802 bellicum
1052 3747 1114 3800 tolli
1132 3747 1211 3799 iussit

112 3833 140 3876 et
158 3826 306 3876 exercitum
326 3826 479 3878 uuiversum
496 3823 528 3875 ad
543 3822 643 3875 bellum
663 3819 817 3887 apparabat.
839 3829 912 3873 eraut
931 3829 1018 3872 autern
1038 3834 1144 3883 omnes,
1164 3819 1210 3886 qui

111 3913 172 3950 curn
200 3897 253 3949 hoc
276 3897 443 3962 militarent,
469 3895 565 3948 Franci
591 3892 755 3961 septingenti
783 3900 810 3944 et
839 3892 880 3944 bis
907 3891 991 3944 mille.
1036 3904 1115 3942 neruo
1139 3891 1210 3941 enim

113 3971 248 4022 etiamtum
275 3969 436 4023 Graecorum
462 3968 495 4019 iis
513 3965 676 4029 adduxerat,
703 3964 766 4031 quia
784 3963 853 4015 tuma
879 3961 1066 4016 declarationis
1086 3962 1209 4016 Caesaris

110 4040 227 4094 nondum
245 4041 385 4110 diuulgata
404 4048 431 4091 et
448 4040 536 4091 audita
555 4046 613 4090 erat
631 4036 749 4090 Graecis.
788 4049 846 4085 curn
871 4042 958 4086 autem
976 4035 1127 4087 detinerent
1146 4049 1209 4086 cur.

111 4129 169 4166 sum
188 4122 216 4166 et
233 4114 332 4168 Caesar
351 4120 378 4164 et
397 4112 502 4180 quidam
520 4109 696 4171 nobiliorum,
716 4114 746 4158 ut
764 4106 837 4159 clare
855 4107 1041 4174 perspicerent
1057 4107 1208 4161 multitudi-

109 4200 173 4240 nem
191 4186 423 4252 adsersariorum,
442 4197 497 4236 uon
516 4190 575 4248 est,
599 4179 711 4238 lluselio
734 4175 786 4235 ille
804 4179 857 4246 ait,
876 4176 1030 4248 ferendum,
1052 4195 1141 4234 coram
1160 4193 1208 4235 sex
