2967 4825
107 229 116 243 ‘
188 265 202 328 ς
246 235 325 320 sat
373 288 376 295 f
539 238 772 315 mensuum
789 220 1049 311 ammaum

248 418 309 479 eos
324 406 527 496 η’ράτησενό
543 409 669 492 Φακᾶς,
691 404 877 490 δσμεστικός
899 396 945 471 τόν
966 397 1071 488 πάσης
1086 404 1242 487 α’νατολῆς
1262 425 1355 488 τηνι-

248 516 347 579 καῦτα
371 509 427 575 καί
445 513 490 598 τηῖ
508 511 572 575 τάν
593 510 775 592 μαγίστρυιν
796 507 951 590 α’ξιιόματι
974 503 1109 587 ἔντιμος,
1130 505 1197 590 πῷς
1218 501 1235 567 ό
1255 500 1356 578 τόπος

212 626 219 631 “
249 615 309 699 c’p’
328 603 425 695 οὗπερ
448 610 622 698 ἐξορμῆσαι
639 612 746 690 με’λλει
767 606 1025 689 κατονομάζεται.
1048 604 1102 669 κατ’
1122 604 1251 689 ἐπείπερ
1274 606 1354 684 ἔμε-

248 710 387 797 μαθηκει
412 703 460 776 ότι
483 712 631 794 Φυγόλλα
661 706 764 797 τοότηι
785 707 821 774 τά
844 698 964 790 όνομα,
993 708 1032 771 ori
1055 707 1239 782 κατεδέξατο
1256 707 1353 769 τοῦτο

124 877 129 884 ε
215 888 224 901 Χ
248 812 447 897 ποιήσασθαι
475 805 689 897 ὁρμητήριον,
711 806 790 875 άλλά
810 812 910 894 πέραν
933 810 968 873 εἰι
997 809 1116 873 πολλοῦ
1137 808 1381 891 διαστήματσςὸ

247 910 447 997 α’κρωτὴριον
476 918 541 988 τοῖς
572 910 756 996 ὀφθαλμοῖς
788 905 932 984 όπτλθιόν
962 910 1099 975 ἐπύθετο
1129 908 1205 990 περὶ
1224 904 1352 988 τούτου,

247 1023 337 1079 ποῖον
359 1012 452 1079 τοῦτό
475 1016 541 1079 ἐστι
562 1016 618 1086 καί
647 1005 733 1087 ὅπως
765 1010 1058 1097 προσαγορεύεται,
1093 1012 1148 1073 καί
1168 1008 1284 1090 μαθάν
1303 1002 1353 1074 ότι

244 1116 339 1199 Ἆγιά
368 1119 412 1201 τῷ
441 1109 612 1201 άκρσθινῖιρ
641 1109 676 1177 τό
701 1104 819 1197 ὄνομα,
850 1108 888 1175 τά
916 1114 975 1192 μὲν
994 1110 1227 1215 ,ἐμβεβλημένα
1249 1107 1354 1173 πάντα

249 1223 316 1292 τοῖς
338 1218 459 1292 πλοίοις
480 1218 513 1280 ἕν
527 1207 590 1290 τοῖς
604 1216 779 1297 Φυγέλλσις
795 1209 898 1277 Ιπάλιν
920 1211 1162 1294 άπεριόξασθαι
1191 1208 1230 1274 τά
1257 1214 1354 1273 πλοῖα

250 1323 410 1403 πεποίηκε,
430 1314 482 1382 τόν
507 1317 542 1379 δὲ
564 1314 677 1381 στόλον
700 1310 827 1379 ἅπαντα
851 1316 890 1400 τῇ
914 1316 955 1399 γῇ
975 1316 1029 1397 τῆς
1054 1312 1166 1391 ‘Aptae
1185 1317 1402 1395 προσοκεῖ-λθ

250 1425 315 1501 λιιι,
336 1414 563 1498 διαταξάμενος
582 1418 683 1482 ἑκεῖσὲ
704 1440 738 1481 τε
758 1415 816 1499 τῂν
837 1412 1011 1498 ἑμπλάισιν
1033 1411 1089 1477 καὶ
1107 1409 1162 1497 την
1183 1408 1355 1499 ἐξόρμησιν

250 1523 305 1605 τῆς
326 1521 475 1603 ναυτικῆς
498 1516 674 1605 δυνάμεως,
695 1518 846 1605 συμβόλῳ
864 1517 992 1603 χρηστῷ
1013 1513 1067 1581 καί
1081 1516 1190 1601 άγαθρλ
1210 1539 1356 1599 χρηστη-

253 1625 311 1709 ριήι
333 1623 374 1707 τῷ
403 1620 487 1708 τόσην
522 1623 578 1702 τῆς
605 1617 781 1702 ἁγιωσύνης
809 1616 1020 1701 χρησόμενος,
1041 1617 1097 1680 καί
1118 1612 1153 1679 τό
1181 1617 1356 1698 Φυγόλλιον

253 1720 296 1797 cie
318 1719 425 1808 φυγάν
454 1716 726 1805 πρυαινιττόμενον
762 1710 1039 1799 άποτιναξάμενος.
1100 1714 1152 1781 διά
1186 1718 1276 1781 τοῦτο
1298 1716 1356 1781 κατ’

250 1825 406 1907 χρυνίσας
427 1824 461 1886 ἐν
481 1819 520 1909 τῇ
539 1818 623 1907 νήσῳ
645 1821 686 1907 τῇ
706 1820 783 1906 Νηῷ
799 1816 950 1907 λεγομένη
965 1814 1045 1899 μετά
1067 1819 1127 1882 τοῦ
1137 1816 1248 1883 στόλου
1271 1840 1356 1881 παν-
1367 1826 1403 1879 15
1451 1902 1453 1909 y

211 1977 216 1986 .
252 1919 316 2004 τός,
337 1922 456 1987 ου’δὲνα
488 1924 547 2004 μὲν
574 1916 641 2002 εἶχε
670 1918 726 1985 τόν
762 1919 958 2005 όόηγὴσσντα
986 1917 1065 2004 πρός
1088 1915 1154 2002 ’την
1182 1920 1274 2002 νῆσον
1296 1914 1356 2001 τήν

253 2022 396 2108 Κρήτην,
415 2021 469 2087 διά
490 2020 526 2086 τό
549 2024 671 2106 ἀγνοεῖν
690 2020 813 2096 πάντας
829 2020 886 2105 την
903 2019 978 2087 ὁδόν
1001 2024 1121 2108 ἐκείνην
1143 2025 1178 2086 ἐκ
1197 2022 1253 2085 τοῦ
1273 2041 1356 2103 χρυ.

251 2132 317 2200 ναῖς
337 2130 462 2201 πολλοῖς
481 2121 525 2206 μη
549 2125 747 2208 παραδοῦσαι
761 2124 882 2187 ἐκεῖθεν
903 2129 1010 2189 πλοῖον
1029 2119 1226 2202 Ῥωμαϊκόν·
1250 2119 1356 2207 άορά-

252 2250 315 2301 τως
336 2226 371 2289 δὲ
393 2227 467 2308 νῆαι
482 2227 694 2308 Καρπαθικαί
718 2223 776 2287 δύο
798 2220 849 2287 τὸν
868 2222 1054 2289 κατάπλουν
1072 2222 1119 2288 ἐπ’
1141 2222 1238 2289 αάτόν
1260 2244 1354 2305 ποιη.

251 2326 388 2408 σάμεναι
409 2327 670 2411 προωδοποίησαν
690 2325 779 2411 αὐτῷ
796 2320 854 2407 την
876 2324 1060 2414 ὁδοιπορίαν
1079 2328 1135 2389 καῖ
1154 2327 1200 2397 εἰς
1222 2319 1403 2408 Κρήτηνλθ

251 2425 433 2512 άπὴγαγον,
462 2430 520 2493 τοῦ
540 2431 618 2492 θεοῦ
639 2422 765 2502 πάντας
788 2422 827 2490 τά
855 2427 923 2491 κατ’
945 2424 1280 2506 αὐτόν’διιθάνοντος,
1311 2420 1360 2497 cic

185 2608 192 2621 „
252 2529 522 2615 εὐαρεστουμένου
546 2531 583 2614 τῇ
603 2528 754 2616 ου’λαβεῖρι
768 2525 827 2616 τῆς
848 2529 993 2604 πίστεως.
1148 2536 1153 2542 ’

252 2663 256 2667 ·
323 2632 424 2695 -Καί
456 2621 541 2704 ὅπως
569 2632 629 2710 μὲν
659 2624 740 2711 μετά
776 2624 811 2692 τό
832 2628 869 2715 τῇ
896 2630 986 2718 νήσῳ·
1000 2633 1174 2716 προσμῖξαι
1195 2631 1250 2696 καί
1270 2623 1356 2705 οἵαις

254 2956 314 3008 ves,
332 2941 510 3011 interrogavit
528 2941 640 3008 Phocus,
660 2943 821 2998 domesticus
849 2952 903 2996 tum
923 2945 1008 2998 omnis
1032 2943 1143 2998 orientis
1165 2952 1192 2997 et
1209 2945 1355 3014 magistro..

257 3029 313 3066 rum
333 3014 462 3082 dignitate
481 3022 599 3079 ornatus,
620 3016 752 3084 quomodo
771 3016 856 3080 locus,
877 3033 910 3068 ex
935 3031 986 3085 quo
1005 3032 1179 3084 processurus
1201 3024 1281 3081 esset,
1300 3032 1356 3070 vo-

256 3093 371 3150 caretur,
392 3094 419 3137 et
437 3102 496 3137 cum
514 3088 698 3156 cognovisset,
717 3087 849 3156 Phygella
868 3087 930 3140 huic
950 3103 1010 3141 esse
1028 3104 1135 3153 nomen,
1154 3104 1208 3140 nou
1227 3089 1356 3142 sustinuit

255 3155 327 3209 bunc
347 3156 436 3208 iacere
456 3159 570 3224 exitum,
594 3158 641 3212 sed
659 3166 731 3210 trans
749 3159 820 3210 huuc
840 3159 928 3210 locum
952 3157 1034 3210 multo
1062 3160 1206 3213 intervallo
1224 3174 1354 3228 promon-

257 3229 355 3282 torium
375 3228 460 3280 oculis
482 3238 620 3283 assecutus
639 3231 816 3298 interrogavit
843 3231 875 3282 de
894 3230 955 3296 boc,
978 3231 1057 3299 quale
1076 3230 1127 3283 hoc
1147 3240 1218 3301 esset
1237 3240 1264 3284 et
1283 3225 1376 3300 quo-'

254 3300 333 3351 modo
351 3301 548 3371 nominaretur,
577 3309 656 3369 atque
675 3319 734 3353 cum
755 3303 943 3371 cognovisset,
971 3303 1056 3371 Hagia
1076 3302 1201 3372 (Sancta)
1223 3318 1353 3370 promou-

255 3372 326 3423 torio
345 3387 405 3423 esse
422 3387 529 3438 nomen,
548 3381 578 3424 ut
595 3389 679 3425 naves
698 3375 796 3438 omnia,
820 3376 949 3441 quam-iis
968 3374 1091 3440 imposita
1111 3383 1185 3426 eraut
1202 3373 1354 3443 Phygellis,

254 3459 345 3496 rursus
365 3445 510 3510 eiicerent,
530 3447 649 3496 curavit:
675 3445 787 3498 classem
813 3453 900 3496 autem
926 3446 1077 3498 universam
1107 3455 1245 3514 postquam
1264 3455 1355 3498 terrae

254 3513 356 3582 {lagiae
374 3515 513 3582 appellere
523 3518 609 3581 iussit,
628 3516 720 3584 ibique
732 3518 848 3568 instituit
864 3518 1084 3570 conscensionem
1101 3526 1127 3569 et
1147 3533 1283 3586 egressum
1302 3534 1355 3569 ua.

257 3584 357 3637 valium
376 3588 483 3652 virium,
502 3597 531 3638 ut
548 3589 625 3656 signo
644 3587 706 3638 utili
730 3596 757 3639 et
775 3588 846 3639 bono
867 3587 976 3640 oraculo
995 3588 1056 3638 loco
1072 3590 1225 3642 'sanctitatis
1243 3605 1308 3643 usus
1328 3597 1356 3640 et

254 3655 387 3724 Phygella
405 3661 480 3724 quasi
500 3658 590 3726 fugam
608 3659 786 3725 significantia
812 3661 959 3728 excutiens.
997 3668 1140 3726 propterea
1160 3663 1238 3712 etiam
1257 3676 1353 3715 versa-

254 3733 297 3776 tus
316 3726 458 3791 ininsula,
480 3743 549 3795 quae
568 3729 640 3781 Neus
659 3729 884 3794 dicebatur„cum
899 3731 984 3784 classe
1003 3739 1059 3783 tota
1077 3733 1209 3785 nemiuem
1228 3733 1354 3799 reperie-

254 3795 300 3846 bat
327 3797 396 3848 viam
421 3806 625 3851 monstraturum
650 3801 682 3851 ad
708 3801 822 3853 insulam
846 3802 970 3867 Cretam,
997 3799 1055 3854 cum
1080 3818 1172 3856 omues
1197 3805 1355 3872 ignorarent

254 3867 307 3918 iter
321 3866 398 3935 illud,
417 3873 478 3938 quia
497 3886 546 3938 per
563 3880 682 3940 tempora
702 3874 783 3924 multa
802 3889 855 3924 non
873 3875 1050 3939 praeterierat
1068 3875 1129 3926 iude
1147 3877 1284 3944 navigium
1294 3875 1353 3926 Ro-

254 3953 373 3992 uranum:
397 3941 511 3995 obscure
528 3950 615 3994 autem
639 3959 723 3996 naves
744 3944 918 4012 Carpathicae
943 3946 1010 3997 duae
1034 3946 1066 3997 ad
1092 3962 1150 3996 eum
1169 3947 1297 3999 advectae
1328 3947 1354 3996 ei

254 4020 432 4064 monstrarunt
457 4015 509 4066 iter
538 4031 651 4083 eumque
669 4017 697 4066 iu
717 4016 822 4069 Cretam
840 4018 989 4082 duxeruut,
1017 4018 1067 4068 deo
1096 4019 1203 4070 omniuo
1230 4033 1275 4072 res
1294 4018 1354 4070 eius

254 4080 430 4152 gubernante,
449 4093 479 4136 ut
496 4084 627 4153 placentis
646 4089 795 4139 attentione
814 4088 884 4140 fidei.

353 4172 441 4242 Atque
468 4176 599 4243 quomodo
623 4183 762 4245 postquam
788 4175 892 4230 insulae
921 4178 1024 4246 appulit
1048 4186 1076 4232 et
1094 4177 1218 4248 qualibus
1236 4193 1299 4234 usus
1318 4179 1356 4234 sit
