2967 4825
256 262 345 390 Ιπε
558 221 784 351 arama
811 262 1075 349 ‘immun

266 444 400 530 ἔβαλλον
431 448 501 511 κατ’
522 446 635 531 ου’τοῦ,
656 441 834 529 προστάξας
862 439 958 516 αὐτὸς
985 432 1128 527 aegelric
1147 432 1211 503 τῶν
1231 435 1375 501 κατανο-

268 550 386 612 πέντων
413 545 543 631 ἔναγχος
567 546 822 611 α’νταπὲστελλεν.
865 541 898 607 οἳ
916 546 951 607 dt
972 541 1092 618 ταυτας
1112 540 1231 615 ἰδόντες
1251 540 1306 603 καί
1323 540 1372 627 τῴ

266 645 437 736 παραδόξῳ
463 652 771 733 καταπεπληγμένοι,
796 638 887 711 ἄλλοι
918 647 1031 711 δὲκαὶ
1058 646 1267 727 γνωρίσαντες
1287 664 1374 723 συγ-

266 755 363 832 γενῶν
392 742 413 833 ἢ
442 754 545 837 φιλων
576 755 631 813 καί
656 748 812 831 ὁμογνίων
842 744 1009 831 τυγχάνειν
1039 742 1079 810 τοὶ
1104 743 1234 829 ια’ρηνα,
1256 743 1310 805 καί
1330 738 1369 805 τὸ

267 848 373 927 ’ποὶθος
387 849 439 935 .μῆ
462 856 656 935 ἐνέγκαντες,
685 847 743 925 τὰς
764 852 877 935 τρίχας
903 852 1084 914 κατὲτιλλον
1110 848 1166 911 καί
1185 844 1221 907 τὸ
1245 840 1400 927 dedum

148 961 167 987 '⁷
259 954 312 1038 ,εἷς
334 953 453 1038 θρῆνον
473 957 654 1035 μετέβαλον.

273 1076 277 1084 ’
366 1047 447 1121 Εἶτα
467 1059 595 1138 πολλοῖς
625 1052 867 1138 στρατηγήμασι
893 1054 949 1117 καί
975 1054 1154 1138 σοφίσμασι
1175 1050 1230 1114 καί
1249 1048 1373 1134 ταύτην

265 1155 322 1241 την
343 1154 436 1221 πόλιν
458 1154 743 1240 παραστησάμενος
761 1152 778 1217 d
802 1156 935 1237 Φωκεῖς,
958 1148 1043 1219 οὕτω
1063 1156 1170 1218 πᾶσαν
1191 1147 1251 1235 τήν
1273 1153 1373 1235 νῆσον

202 1301 205 1307 ,
250 1260 404 1341 rlittorali
425 1255 481 1322 καί
500 1256 746 1342 ιλιιόφοροντοῖς
764 1254 939 1339 Ῥωμαίοις
960 1256 1115 1341 ἀπέδειξε,
1138 1255 1194 1318 καί
1204 1255 1373 1337 Χριστια-

264 1362 329 1425 νῶν
358 1357 414 1423 κατ’
441 1355 622 1443 ὄρθοδόξων
653 1359 724 1423 α’ντί
749 1360 945 1445 Σαραιηνῶν
978 1358 1144 1441 πεποίηκεν
1177 1350 1369 1439 οἰκητήριον.
1380 1378 1420 1431 10

266 1460 321 1528 ιιαί
340 1465 396 1525 νῦν
408 1458 527 1526 ἔστινὸ
548 1462 820 1536 κατασκευασβείς
841 1464 919 1545 παρ’
933 1462 1052 1525 ἐκείνου
1067 1456 1257 1543 περικαλλὴς
1279 1454 1368 1543 ναός,

266 1569 321 1630 κατ’
342 1565 391 1628 ἐπ’
413 1559 547 1644 σ’νόματι
569 1563 625 1644 τῆς
648 1559 800 1625 θεοτόκου
824 1559 1012 1651 τιμώμενος
1038 1560 1093 1625 καί
1113 1560 1172 1624 τοῦ
1189 1562 1370 1645 μαγίστρου

265 1662 439 1748 λεγόμενος,
456 1661 512 1724 κατ’
524 1653 648 1737 ου’τὸςὸ
666 1663 779 1735 Φωκοῖς
796 1660 1052 1747 α’νεστηλωμὲνος
1066 1664 1100 1727 ἐν
1119 1656 1219 1751 τούτῳ
1242 1661 1369 1747 νικητής

265 1768 321 1829 καί
348 1764 583 1846 τροπαιοῦχος,
615 1765 729 1849 δεῖγμα
759 1766 816 1847 τῆς
839 1762 970 1848 ἀνδρίας
1003 1764 1105 1829 αὐτοῦ
1127 1761 1183 1828 καί
1202 1764 1370 1845 εείσεβείας

264 1867 320 1950 τῆς
340 1862 531 1948 τηλικαύτης
560 1865 657 1946 νήσου
685 1866 849 1946 παριστῶν
878 1866 935 1949 τήν
966 1858 1166 1949 κατοίκτησιν.
1211 1867 1265 1927 καί
1284 1856 1420 1933 εἶδον15

205 1996 210 2003 ·
262 1968 372 2030 τοῦτον
392 1964 453 2046 ε’γιό
477 1968 517 2052 τῇ
529 1962 613 2052 νήσῳ
634 1961 892 2051 ἐπιδεδημηκώς·
918 1965 972 2031 κατ’
992 1964 1076 2032 ἔστιν
1097 1964 1241 2053 ἐμφερὴς
1264 1963 1369 2053 πάντῃ

265 2067 310 2152 τῷ
332 2068 644 2150 προμνημονευθὲνει
657 2069 791 2155 βασιλεῖ
798 2072 898 2155 κυρίῳ
916 2066 1089 2155 Νικηφόρῳ
1103 2070 1145 2155 τῷ
1157 2064 1369 2154 Βοτοινειοῖτη,

264 2166 399 2239 πίστεως
420 2163 574 2248 ἀκριβοῦς
596 2163 757 2246 ου’μβολον
779 2172 838 2231 τοῦ
865 2164 945 2235 εἶναι
973 2172 1082 2233 τοῦτον
1103 2172 1222 2233 ἐκείνου
1248 2166 1372 2251 ἀπόγο-

264 2275 328 2330 νον.
371 2266 402 2329 εἰ
421 2268 457 2330 δὲ
479 2262 523 2349 μή
545 2263 599 2330 διὰ
619 2265 679 2349 τὴν
698 2269 862 2349 εὐσέβειαν
882 2272 986 2336 adteri
1005 2270 1060 2341 καί
1078 2266 1249 2353 εὐλάβειαν
1270 2272 1370 2353 συνῆν

211 2418 214 2423 -
265 2360 353 2454 αὐτῷ
373 2366 394 2450 ἦ
416 2370 491 2432 βείω
522 2369 707 2454 α’ντίληψις,
732 2367 859 2448 πάντως
893 2366 1011 2457 ἄπορος
1044 2366 1083 2438 ἂν
1115 2368 1249 2456 ἐγεγόνει
1269 2373 1325 2436 καί
1348 2369 1419 2454 ἦγο

265 2467 348 2552 πρὸς
367 2465 425 2553 τὴν
450 2470 580 2555 Κρήτην
603 2467 679 2546 ὁδός
701 2471 755 2535 καί
784 2471 803 2556 ἦ
825 2475 889 2538 τῶν
909 2479 1169 2557 βεβουλευμένων
1191 2481 1255 2550 τοῖς
1275 2477 1369 2538 ε’ναν-

264 2573 345 2643 τίοις
368 2574 559 2657 φανέρωσις,
594 2573 648 2635 κατ’
670 2563 691 2654 ἢ
712 2563 871 2658 ἄπρακτος
893 2570 1109 2662 ὑπεχώρησεν,
1130 2565 1150 2660 ἢ
1172 2575 1369 2659 κατάβρωμω

263 2675 329 2744 τοῖς
351 2673 512 2753 πολεμίοις
538 2668 675 2755 ἐγεγόνει
703 2675 760 2738 κατ’
779 2675 1011 2762 καταπάτημα·
1063 2673 1146 2760 ἔχων
1166 2678 1203 2740 δὲ
1224 2676 1265 2738 δι’
1288 2677 1369 2759 α’ρε-

222 3027 226 3034 Ι
264 2961 370 3020 stabant
389 2971 508 3028 arceret,
528 2971 556 3015 et
574 2962 616 3015 illi
635 2964 739 3032 lapides
757 2966 878 3018 iacerent
902 2976 995 3020 eontra
1013 2982 1090 3034 eum,
1108 2969 1168 3036 ipse
1185 2969 1260 3022 iussu
1278 2969 1368 3036 capita

263 3050 351 3103 nuper
370 3036 520 3088 occisorum
547 3035 675 3089 adversus
697 3052 744 3089 eos
764 3037 855 3090 misit'
888 3038 930 3090 illi
949 3046 1037 3092 autem
1060 3039 1128 3092 haee
1147 3041 1269 3094 videntes
1289 3049 1315 3092 et
1333 3057 1367 3092 re

262 3109 448 3174 inexspectata
468 3108 627 3174 stupefacti,
653 3107 700 3159 alii
715 3109 795 3160 etiam
814 3119 991 3178 agnoscentes
1021 3111 1139 3163 affinium
1158 3120 1203 3164 aut
1220 3113 1367 3164 amicorum

263 3187 309 3231 aut
338 3180 512 3247 cognatorum
545 3181 631 3247 capita
661 3196 750 3248 neque
769 3181 888 3233 dolorem
908 3183 1030 3236 ferentes
1055 3185 1143 3237 crines
1164 3183 1319 3236 evellebant
1338 3193 1368 3236 et

260 3251 397 3306 audaciam
415 3253 443 3302 in
462 3250 665 3304 lamentationes
684 3253 835 3332 vertebant.

361 3347 464 3401 Deinde
479 3349 569 3400 multis
588 3349 657 3401 dolis
677 3356 703 3399 et
719 3351 839 3404 artificiis
859 3361 998 3421 postquam
1010 3353 1078 3405 hanc
1097 3369 1204 3422 quoque
1225 3354 1317 3406 urbem
1332 3355 1366 3406 in

261 3426 421 3488 potestatem
440 3436 512 3472 suam
534 3421 639 3490 redegit
657 3420 761 3473 Phocus
781 3424 820 3474 sic
837 3431 919 3474 totum
938 3425 1051 3477 insulam
1070 3425 1231 3495 vectigalem
1252 3433 1279 3477 et
1297 3425 1365 3478 sub-

261 3494 359 3543 iectam
378 3493 503 3545 Romanis
534 3493 665 3557 reddidit,‘
690 3501 716 3544 et
734 3493 943 3547 Christianorum
972 3505 1051 3565 atque
1078 3497 1283 3550 orthodoxorum
1312 3512 1365 3565 pro

263 3563 403 3629 Saracenis
434 3564 499 3614 fecit
525 3564 704 3628 domicilium,
724 3572 805 3633 atque
824 3582 895 3618 nunc
922 3582 1028 3637 quoque
1048 3577 1133 3621 exstat
1152 3568 1279 3636 templum
1297 3585 1365 3636 per-

261 3634 402 3702 pulchrum
425 3633 458 3685 ab
485 3634 533 3686 illo
559 3643 720 3687 exstructum
748 3643 774 3686 et
804 3637 852 3688 sub
878 3641 986 3690 nomine
1010 3643 1100 3692 matris
1134 3640 1177 3693 dei
1205 3640 1364 3692 honoratum
1386 3683 1390 3691 .

221 3769 224 3772 χ
262 3714 291 3756 et
315 3705 443 3770 templum
467 3707 586 3772 magistri
608 3707 722 3770 dictum,
751 3715 830 3776 atque
849 3710 907 3777 ipse
927 3711 1028 3764 Phocas
1055 3711 1177 3764 columna
1203 3721 1309 3764 erectus
1334 3714 1364 3763 in

262 3776 315 3825 hoc
334 3781 365 3824 ut
389 3775 477 3825 victor
499 3784 525 3827 et
544 3776 684 3840 feretrius,
710 3778 895 3832 documentum
915 3783 1021 3835 virtutis
1049 3786 1107 3836 eius
1134 3792 1160 3834 et
1184 3786 1293 3850 pietatis
1317 3793 1364 3836 ta-

262 3846 297 3897 lis
316 3845 421 3896 insulae
441 3846 562 3899 efficiens
582 3849 789 3914 possessionem.
828 3860 907 3921 atque
927 3855 983 3914 vidi
1003 3855 1073 3907 hune
1100 3856 1220 3924 equidem
1247 3871 1305 3908 cum
1332 3856 1364 3906 in

172 3961 177 3968 .
260 3917 376 3969 insulam
401 3917 538 3985 proiectus
560 3935 661 3985 essem,
681 3928 708 3971 et
730 3929 771 3974 est
788 3923 837 3974 ille
859 3924 954 3978 similis
974 3929 1081 3978 omnino
1105 3928 1164 3996 regi
1187 3935 1266 3980 antea
1285 3942 1364 3979 com.

257 3998 406 4040 memorato
439 3989 544 4043 domiuo
573 3991 726 4058 Nicephoro
751 3992 921 4060 Botanistae,
955 3998 1017 4048 fidei
1047 4007 1137 4051 certae
1161 3999 1281 4068 signum,
1302 4013 1365 4052 esse

261 4059 333 4123 hunc
352 4060 454 4112 abillo
474 4064 621 4116 oriundum.
658 4065 711 4116 nisi
730 4072 818 4116 autem
844 4074 953 4134 propter
974 4070 1101 4137 pietatem
1121 4072 1178 4122 eius
1198 4079 1225 4122 et
1244 4073 1365 4124 circum-

255 4131 430 4198 spicientiam
454 4134 559 4187 adesset
586 4137 611 4185 ei
636 4135 756 4188 divinum
775 4136 918 4202 auxilium,
947 4143 1055 4192 omnino
1074 4141 1201 4194 inefficax
1220 4143 1318 4196 fuisset
1336 4151 1366 4196 et

261 4203 316 4258 iter
333 4205 362 4260 in
381 4203 486 4258 Cretam
505 4213 657 4274 susceptum
676 4215 704 4260 et
717 4208 891 4264 consiliorum
910 4209 1025 4268 hostium
1042 4213 1197 4282 declaratio,
1216 4223 1298 4288 atque
1316 4221 1366 4270 aut
