2967 4825
259 320 315 402 ed
547 311 766 411 utentum
798 278 1057 391 tmttror'tn

38 506 53 533 ⁴
261 477 583 579 ριπεπιοικύτεςςύτε
604 483 684 571 πρδς
706 478 746 548 τά
770 481 909 567 σφέτερα
934 464 1090 561 ἤλαυνον,
1121 467 1151 535 σῖ
1170 467 1226 555 τήν,
1248 462 1367 587 τριαύῑ

125 604 211 663 λ183
224 618 318 679 τ.την
350 596 466 674 μοῖραν
509 584 702 671 πληροῦντες
734 573 772 648 ού
802 576 900 661 μάνου
932 576 970 645 τά
1006 573 1159 657 άλλύτρια
1197 569 1277 633 cillo
1309 588 1363 683 και

262 693 301 764 τά
324 689 448 758 ἓαυτιύν
471 682 588 772 σχεδὸν
609 687 769 766 α’πδβαλον
792 678 949 761 άαανιτς,
981 679 1034 742 κατ’
1055 672 1223 755 δυστυχῶς
1243 669 1289 745 εἷς
1307 688 1365 752 την

264 793 468 881 παρεμβολὴν
497 789 722 865 ε’πανὲζευξαν.
777 781 792 849 ὃ
823 783 858 847 δὲ
883 778 1037 862 βασιλεύς
1066 774 1140 861 περί
1157 774 1216 839 τού
1236 773 1366 857 πληθυ-

263 888 605 983 σμού-πυνδανύμενος
634 880 774 971 ἤσχαλλε
803 888 861 967 μὲν
890 879 943 947 καί
963 879 1136 967 ἤδὴμύνει,
1158 871 1312 960 στρατιάν
1335 874 1392 946 δ’5

264 996 442 1081 άξιάμαχον
463 995 676 1075 συναδροῖσαι
710 989 765 1051 κατ’
800 982 949 1067 δυνάμεις
972 981 1101 1067 οἷφεῖναι
1128 976 1249 1053 τούτοις
1270 976 1367 1061 σ’κνη-

264 1098 393 1187 ρύτερος
413 1088 471 1179 ἧν,
503 1092 546 1168 ὥς
564 1092 624 1172 μέν
642 1112 741 1168 τινες,
762 1087 872 1174 φειδοῖ
892 1088 953 1149 τοῖν
975 1077 1194 1162 ἀναλωμάτων
1215 1070 1270 1163 (ἦν
1293 1074 1367 1161 γάρ,

265 1200 309 1277 ὥς
330 1201 528 1284 προίφαμεν,
549 1189 790 1279 φιλοχρήματος
815 1182 831 1252 ὃ
852 1182 961 1273 ἀνήρ),
990 1178 1033 1260 uic
1054 1184 1082 1245 d’
1105 1178 1195 1264 ἔνιοι,
1216 1178 1261 1264 μὴ
1283 1178 1369 1244 άπο-

265 1299 398 1385 θαρρεῖν
433 1294 513 1382 πρὸς
543 1292 693 1379 τοιαύτην
721 1288 817 1374 ἰσχύν
841 1282 1178 1371 ἀντιπαρατάξασθαι*
1230 1284 1285 1347 κατ’
1303 1281 1368 1365 γάρ

265 1394 400 1475 ύπαντες
421 1392 632 1482 ἀπρόσμαχον
656 1387 738 1459 εἶναι
760 1390 796 1457 τά
820 1392 882 1456 τάν
904 1388 1052 1455 ἐναντίοιν
1073 1388 1194 1471 πλῆθος
1214 1386 1270 1449 καί
1289 1377 1371 1460 ὅλως
1381 1398 1420 1454 10

266 1501 523 1586 α’καταχάνιστον
545 1497 755 1561 συνετιΌεντο.
777 1494 859 1577 μηδὲ
869 1492 941 1575 -γὰρ
965 1483 1046 1555 εἶναι
1069 1491 1131 1555 τῶν
1154 1484 1372 1571 ἐνδεχομένων

266 1596 289 1687 ἢ
310 1602 452 1668 δυνατύν
472 1598 628 1664 ύπενύουν
650 1593 810 1671 τοσαύτας
828 1591 1001 1677 μυριάδας,
1023 1594 1151 1679 πολέμῳ
1172 1590 1228 1656 καί
1247 1589 1372 1671 μάχαις

267 1700 548 1787 συντεθραμμένος
582 1695 637 1761 καί
662 1701 854 1781 προχείρους
883 1690 1020 1777 ε’χούσας
1042 1690 1099 1765 τάς
1122 1686 1225 1769 δεξιάς
1245 1689 1301 1753 κατ’
1314 1710 1373 1771 χε-

266 1805 490 1888 χνμνασμίνας
523 1795 603 1883 πρδς
626 1790 893 1862 άντικατάστασιν
915 1796 971 1858 καί
999 1794 1173 1878 α’ναῖρεσιν,
1194 1788 1373 1875 παρατάξει
1446 1852 1449 1859 ,

268 1900 601 1985 κατατροπτύσαοθαι,
636 1896 690 1963 καί
717 1893 881 1980 άμὴχανσς
915 1894 1017 1960 ἐδόκει
1038 1894 1136 1958 πᾶσιν
1157 1894 1177 1977 ἡ
1202 1888 1374 1977 λύτρωσις,
1385 1908 1423 1961 15

269 2002 324 2067 κατ’
345 2003 508 2082 μετοικίαν
528 1991 600 2083 ’ἤδη
622 1996 657 2062 τδ
680 1996 739 2082 τήν
764 1997 918 2083 Εύριύπην
940 1992 1027 2064 άπαν
1048 1997 1155 2061 olenio
1176 1990 1373 2076 ἐβουλεύετο.

270 2100 286 2168 ὅ
319 2105 354 2167 δὲ
385 2098 537 2185 βασιλεύς
568 2101 739 2183 πρεσβείαν
767 2095 971 2173 άπεσταλκάς
1000 2096 1080 2184 πρὸς
1109 2095 1182 2172 τούς
1208 2091 1376 2186 ἐθνάρχας

271 2204 378 2271 αύτούν
400 2192 564 2286 ε’πειράτο,
590 2203 665 2265 καθ’
687 2193 763 2264 ὅσον
785 2190 852 2263 οἷόν
874 2220 917 2279 τε,
940 2199 1075 2279 τούτους
1096 2207 1297 2283 παρενεγκεῖν
1318 2196 1379 2263 καί

270 2303 351 2390 πρός
374 2298 485 2388 καιρδν
520 2306 722 2368 καταστεῖλαι
754 2298 808 2364 καί
837 2297 931 2365 πάλιν
952 2302 998 2375 εἷς
1018 2296 1076 2383 τήν
1097 2296 1270 2384 ὑστεραίαν
1290 2302 1376 2383 βου-

269 2401 436 2487 λεύεσθαι,
458 2403 557 2468 πολλά
581 2402 705 2478 τούτοις
729 2400 909 2475 ἐπιστείλας
930 2393 1087 2486 ἐπαγωγά.
1130 2396 1187 2466 καί
1206 2425 1377 2484 μεταπεμ-
1386 2423 1428 2477 20

270 2507 415 2592 ψάμενος
436 2507 539 2584 ἐνίους
554 2508 735 2589 χαρίσμασι
761 2505 889 2578 τούτους
917 2499 1119 2582 ύδεξιιύοατο.
1170 2504 1206 2570 τὸ
1230 2505 1259 2569 δ’
1280 2499 1378 2581 ἔθνος

270 2612 418 2693 μέγιστον
442 2599 499 2689 ὅν,
530 2610 584 2671 καῖ
614 2605 694 2692 πρύς
713 2604 870 2690 πορισμὸν
887 2609 949 2672 τοῖν
979 2604 1158 2690 ἀναγκαίαν
1179 2608 1378 2692 ε’πιρρηχνύ·

218 2702 222 2710 ’
271 2733 390 2796 μενον,
415 2713 450 2776 ἐν
469 2705 596 2786 πολλοῖς
615 2707 728 2793 μύριοι
748 2706 807 2807 τὴν
834 2705 992 2795 Εύρούπην
1023 2695 1202 2792 σννίδλιβε.
1244 2701 1289 2792 μή
1312 2707 1379 2795 god·
1442 2699 1452 2708 ‘

345 2883 372 2937 3.
387 2873 428 2935 ntlt
448 2878 581 2937 ἅπανταλ
686 2879 713 2932 6.
733 2877 870 2954 destruc?

277 3038 513 3110 proficiscerentur
530 3037 575 3108 qni
591 3036 660 3090 hanc
670 3042 773 3107 partem
785 3034 939 3106 implebant,
949 3051 1004 3090 non
1017 3037 1103 3092 solum
1121 3039 1210 3092 aliena
1228 3039 1276 3092 sed
1295 3041 1379 3094 etiam

277 3123 325 3163 sua
344 3109 401 3163 iere
420 3111 566 3162 amiserunt
584 3124 694 3175 omnes,
715 3117 742 3160 et
760 3109 858 3161 misere
883 3110 915 3162 ad
934 3119 1020 3162 castra
1037 3111 1182 3164 redierunt.
1220 3127 1269 3164 rex
1286 3122 1379 3165 autem

275 3182 308 3236 de
327 3182 497 3235 multitudine
515 3182 626 3234 audiens
650 3183 732 3234 iratus
758 3182 864 3251 quidem
890 3188 946 3234 erat
970 3192 996 3235 et
1018 3177 1151 3250 stupebat,
1177 3185 1224 3236 sed
1241 3184 1274 3236 ud
1294 3201 1380 3238 exer.
1405 3227 1409 3237 ,

275 3257 356 3308 cltum
375 3270 522 3324 pugnacem
541 3256 690 3321 cogendum
710 3263 736 3304 et
755 3255 827 3306 vires
847 3263 941 3305 contra
955 3253 1004 3306 hos
1016 3255 1171 3308 emittendas
1189 3255 1289 3307 lentior
1309 3265 1379 3322 erat,

274 3337 305 3380 ut
323 3326 428 3397 quidam
445 3326 570 3380 dicebant
588 3327 749 3392 parsimonia
774 3333 918 3392 sumtuum,
945 3335 1001 3378 erat
1030 3327 1099 3378 euim
1118 3334 1147 3377 ut
1163 3335 1242 3378 antea
1261 3328 1380 3380 diximus

273 3397 424 3454 divitiarum
444 3413 532 3450 amans
552 3397 650 3461 hmno,
670 3406 699 3448 ut
717 3405 805 3447 autem
824 3397 963 3462 nonnulli,
982 3413 1035 3450 nou
1060 3398 1160 3452 audens
1178 3398 1226 3450 tali
1246 3401 1381 3452 exercitui

200 3466 204 3472 “
274 3489 303 3526 se
322 3487 476 3539 opponere:
496 3471 595 3520 etenim
614 3483 705 3519 omnes
729 3468 937 3535 impugnabilem
963 3485 1022 3522 esse
1048 3469 1162 3522 hostium
1181 3469 1381 3524 multitudinem

275 3553 302 3595 et
320 3544 427 3594 omnino
447 3541 574 3594 invictam
593 3539 752 3592 censebant:
772 3554 860 3606 neque
880 3541 949 3592 enim
968 3542 1026 3593 lieri
1046 3557 1124 3608 posse
1143 3541 1329 3610 opinabantur,
1351 3551 1383 3594 ut

274 3620 362 3665 tantos
380 3613 514 3678 myriades
531 3610 606 3662 bello
627 3619 654 3662 et
672 3610 770 3679 pugnis
790 3610 898 3674 eductas
923 3622 949 3664 et
968 3622 1102 3680 promptas
1121 3613 1250 3666 habentes
1269 3615 1382 3668 dextras

275 3693 303 3736 et
321 3685 481 3736 exercitatas
501 3683 534 3734 ad
554 3683 751 3749 oppositionem
772 3691 798 3734 et
821 3684 1023 3736 trucidationem
1048 3686 1107 3736 ucie
1127 3687 1154 3737 in
1174 3685 1264 3755 lugam
1283 3697 1382 3741 verte-

274 3763 344 3819 rent,
365 3762 392 3804 et
409 3753 574 3806 inevitabilis
600 3751 740 3805 videbatur
766 3753 885 3806 omnibus
911 3757 1040 3808 redemtio
1067 3759 1144 3809 etde
1164 3757 1382 3812 coloniadedu-

252 3827 360 3877 *cenda
384 3827 436 3877 iam
455 3839 547 3877 omnes
572 3823 696 3891 Europae
720 3825 826 3878 incolae
852 3828 1012 3895 cogitabant.
1056 3843 1105 3879 rex
1132 3837 1219 3880 autem
1237 3829 1383 3899 legatione

274 3899 356 3950 missa
374 3898 406 3949 ad
426 3895 585 3949 ethnarchas
605 3911 695 3949 eorum
715 3896 860 3950 conabatur
879 3900 906 3950 in
926 3908 1050 3967 qnantum
1069 3901 1127 3952 lieri
1146 3909 1237 3967 posset
1257 3901 1307 3955 hos
1327 3903 1382 3954 ab·

275 3965 374 4020 ducere
393 3971 465 4022 etin
483 3976 602 4034 tempore
621 3968 742 4020 delenire
762 3977 788 4022 et
807 3985 897 4024 rursus
911 3971 939 4021 in
959 3971 1074 4024 futurum
1093 3973 1260 4040 prospicere,
1279 3973 1382 4026 multus

275 4038 320 4091 hic
338 4041 445 4093 mittens
464 4039 617 4103 illecebras,
638 4048 664 4092 et
684 4056 822 4096 arcessens
841 4040 995 4107 nonnullos,
1014 4043 1237 4098 muneribushos
1259 4047 1382 4114 excepit.

274 4111 391 4179 populus
409 4120 496 4163 autem
516 4113 561 4180 qui
578 4115 706 4165 maximus
725 4121 783 4164 erat
812 4120 839 4162 et
862 4114 895 4165 ad
913 4114 1088 4180 comparanda
1105 4118 1259 4169 neccssaria
1277 4119 1383 4170 irrum-

274 4183 365 4251 pebat,
384 4182 474 4236 moltis
492 4184 520 4237 in
547 4183 665 4251 partibus
683 4184 817 4252 Europam
842 4185 1039 4252 comprimebat.
1083 4203 1173 4255 neque
1197 4203 1265 4241 vero
1285 4190 1384 4242 ferens

273 4272 322 4314 nex
345 4255 555 4327 indignationem
580 4256 756 4310 multitudinis
789 4265 815 4308 et
848 4254 941 4309 lumem
975 4258 1116 4326 dicentem,
1141 4259 1304 4328 parsimonia
1332 4277 1385 4315 res
