2967 4825
544 302 754 376 filtronii.
820 323 822 330 ’
1126 301 1208 374 not
1231 295 1234 304 ’

108 489 221 546 στερον
241 463 297 529 aad
316 461 523 549 ἰσχυρότερον
548 469 743 550 καταστῆσαι
763 461 947 538 σπουδάσας
970 466 1015 537 εἰς
1035 462 1212 548 Χρυσόπο-

111 573 159 631 λιν
183 566 488 648 διαπορθμευθῆναι
508 573 667 651 πεποιήιε.
710 570 765 632 καί
789 557 825 648 ἦν
849 564 935 640 έλπός
956 560 1115 648 ἑνωθῆναι
1136 567 1212 632 τοό-

109 690 182 741 τους
202 663 286 746 μετό
308 670 371 731 τῶν
401 655 668 750 προηγησαμένων
690 667 911 746 στρατιωτῶν,
943 670 998 730 κατ’
1019 669 1063 740 εἰς
1089 671 1210 751 πλῆθος
1310 733 1313 739 ,

109 771 254 853 α’ρθῆναι
270 770 440 850 μέγα,·καό
457 770 517 832 τῶν
543 764 693 851 Τοόρκων
714 767 769 850 τὴν
793 763 875 832 ἓιόαν
897 770 1123 850 ἐλευθερῶσαι,
1156 769 1212 834 καὶ

83 865 182 946 5τοός
214 873 464 954 ταραττομένους
500 868 678 944 όποκλινεῑς
715 873 846 952 ποιῆσαι
877 868 931 932 κατ’
956 866 1036 951 πρός
1066 866 1209 952 όπακοην

109 967 407 1053 μεθαρμόσασθαι,
431 969 487 1034 κατ’
507 971 701 1051 καταστῆσαι
726 977 789 1044 τοῖς
810 973 844 1034 ἐκ
867 973 922 1034 τοῦ
949 971 1104 1048 βασιλέως
1138 969 1211 1052 ἡγε-

108 1077 250 1150 μονικοῖς
274 1069 329 1133 κατ’
354 1067 574 1154 μεχαλόφροσι
596 1069 839 1151 στρατηγημασι
859 1067 894 1132 τό
917 1073 1096 1154 τηλικοῦτον
1116 1073 1212 1150 μέρος

109 1174 166 1254 τῆς
187 1156 374 1256 οἰκουμένης
394 1174 449 1235 κατ’
472 1173 517 1246 εἰς
534 1168 673 1254 γαλήνην
695 1170 750 1233 κατ’
770 1174 920 1255 νηνεμίαν
942 1173 1133 1254 περιστῆσαι
1158 1172 1211 1236 uois*

109 1263 227 1336 (ἴνεσιν.
271 1269 288 1333 ὁ
312 1273 348 1336 δέ
372 1268 591 1346 Κωνστόντιος
616 1273 740 1337 ένοιντόοι
761 1272 881 1336 τούτων
903 1269 1027 1337 πόντων
1049 1269 1212 1357 φρονήσας

67 1377 164 1438 idaci
184 1374 433 1456 διανοησόμενος
445 1425 454 1453 ,
478 1377 531 1437 κατ’
548 1376 632 1457 μηδέ
653 1371 710 1455 την
733 1372 825 1437 θειάν
850 1377 939 1456 δίκην
963 1373 1156 1456 εόλαβηθεός
1184 1372 1213 1435 εἰ

109 1470 270 1540 τοσούτων
289 1477 393 1537 κακῶν
414 1477 456 1561 api
477 1497 511 1538 τε
534 1472 640 1563 κόσμην
662 1474 716 1537 κατ’
735 1473 822 1562 onitu]
842 1479 972 1556 βασιλεῖ
989 1477 1043 1539 νιαιι
1068 1483 1130 1548 τοῖς
1152 1478 1241 1538 ιτα-ί.
1257 1477 1340 1536 2361.

105 1578 173 1649 λῶς
194 1578 455 1656 βασιλευομένοις
480 1578 627 1659 πρόξενος
655 1581 804 1660 γένηται,
833 1580 887 1640 καί
905 1579 985 1660 μηδὲ
1008 1573 1062 1656 τὴν
1094 1577 1213 1640 α’ποτυ-

110 1680 187 1757 χόον
211 1674 392 1757 όποπτήξας
410 1679 469 1738 τοῦ
484 1675 728 1760 έχχειρὴματος,
750 1680 930 1759 νεωτερίζοι
952 1674 1028 1740 κατὰ
1048 1680 1107 1740 τοῦ
1116 1681 1213 1758 βασι·

108 1780 207 1856 λέννς,
231 1779 358 1858 καὶτῆς
380 1776 524 1860 κακιστης
549 1778 747 1850 οἰποστασιάς
768 1785 833 1851 τοῖς
853 1778 1082 1859 στρατιώταις,
1103 1773 1128 1842 τό
1156 1783 1213 1858 τῆς

66 1894 100 1946 15
111 1876 306 1962 ἀποπληξίας
327 1880 383 1940 κατ’
401 1878 459 1940 τοό
481 1877 792 1962 όνοσιουργηματος,
812 1881 1016 1957 μεταδίδωσι.
1060 1875 1213 1960 πρότερον

68 1982 71 1988 ’
109 1976 171 2064 γὰρ
195 1977 388 2059 συμβούλοις
408 1988 472 2052 τοῖς
494 1979 714 2063 πονηροτάτοις
733 1981 768 2041 έκ
781 1979 903 2043 τοότιον
925 1983 978 2042 κατ’
1000 1976 1102 2060 δῆμον
1133 1977 1213 2044 οἰνό-

108 2102 206 2152 πταις
228 2076 438 2163 χρησόμενος,
461 2075 594 2161 ὕστερον
616 2078 795 2164 όφισταται
821 2078 900 2162 πρός
923 2077 1042 2156 ου’τοός
1063 2083 1096 2144 έν
1120 2083 1214 2164 Χρυ-

108 2177 243 2244 σοπόλει
264 2177 321 2261 τὴν
342 2178 545 2263 παρεμβολὴν
568 2178 712 2261 ἔχοντας,
734 2183 790 2244 κατ’
809 2179 843 2245 τό
855 2185 977 2262 πλῆθος
998 2181 1213 2264 ένσεόσαςβσ.
1242 2208 1250 2220 ·

108 2283 205 2344 σιλόα
226 2283 335 2360 τοῦτον
356 2282 569 2363 α’ναγορεῦσαι
593 2283 633 2344 δι’
654 2283 865 2362 α’ποστατικῆς
886 2284 1057 2361 μεθοδεόας
1087 2303 1210 2364 περιερ-

67 2375 254 2467 adpulisset,
275 2385 335 2448 τοό
358 2384 470 2447 λοιποῦ
494 2385 625 2467 στίφους
637 2384 700 2445 τῶν
721 2378 765 2463 μη
789 2384 1106 2467 συχκοινωνησόντονν
1127 2381 1213 2468 crispi

107 2487 167 2564 τῆς
190 2483 336 2563 α’θέσμου
357 2486 477 2566 βουλῆς
502 2485 543 2569 τῷ
566 2481 735 2569 παραδόξῳ
767 2485 820 2566 τῆς
844 2483 939 2565 ιῖκοῆς
966 2486 1213 2567 διαπορηθέντος

109 2585 167 2647 κατ’
185 2583 372 2668 α’μφιβόλου
396 2589 578 2666 γενομένου.
623 2585 677 2646 κατ’
703 2580 782 2665 μήτε
810 2588 867 2647 τοῦ
890 2586 1059 2661 δεδομένου
1090 2583 1212 2662 τούτοις

110 2684 260 2768 οἶρχηροό
281 2682 520 2768 παρατυχόντος
535 2687 637 2752 ἐκεῖσε
654 2680 708 2749 διό
729 2686 763 2749 τὸ
786 2688 826 2772 τῇ
841 2684 1057 2773 βασιλευοόση
1079 2682 1125 2749 ότι
1142 2682 1212 2749 έπι-

112 2788 236 2869 δημεῖν,
256 2785 368 2863 οτόσις
389 2786 542 2871 ε’μφόλιος
560 2791 676 2869 γέγονε,
700 2790 755 2851 κατ’
773 2780 891 2871 ἤρξατο
902 2786 963 2851 ἀπὸ
985 2789 1090 2873 τρίτης
1105 2792 1213 2873 φυλα-

188 2904 230 2975 lt.
249 2921 286 2991 tl]
311 2924 351 2985 ata
369 2919 399 2975 0·
492 2921 534 2974 lo.
557 2922 637 2995 δὴμην
654 2919 684 2975 0.

113 3068 273 3135 sperandum
289 3075 356 3133 erat,
370 3068 539 3120 coniunctum
552 3069 587 3119 iri
599 3068 649 3121 bos
663 3084 722 3129 cum
734 3070 901 3137 praegressis
915 3068 1045 3122 militibus
1058 3078 1085 3121 et
1098 3070 1130 3121 ad
1142 3071 1215 3124 mul.

110 3140 253 3191 titudinem
263 3138 323 3191 tolli
333 3156 454 3209 magnam
469 3149 496 3191 et
505 3140 595 3193 Tuscis
611 3140 741 3191 orientem
755 3140 882 3204 liberare,
899 3148 925 3192 et
938 3142 1067 3192 excitatos
1078 3140 1214 3194 subiectos

114 3212 207 3262 iacere
228 3218 255 3262 et
273 3212 305 3263 ad
318 3211 495 3264 obedientium
514 3226 694 3275 commovere,
715 3221 742 3263 et
763 3213 927 3265 constituere
945 3213 1018 3280 regis
1036 3213 1215 3279 imperatoriis
1267 3252 1277 3262 .

114 3289 144 3333 et
159 3284 333 3357 magnanimis
352 3284 470 3349 imperiis
488 3284 568 3335 talem
589 3292 691 3351 partem
710 3285 798 3335 mundi
824 3285 856 3335 ud
875 3299 968 3349 pacem
987 3292 1013 3335 et
1034 3282 1215 3351 tranquillita.

112 3363 169 3405 tem
188 3361 215 3405 et
232 3355 427 3405 remissionem,
465 3356 512 3407 sed
535 3355 724 3409 constantinus
743 3363 837 3408 contra
857 3355 924 3407 haec
943 3356 1031 3407 omnia
1049 3356 1168 3407 sentiens
1189 3362 1216 3407 et

113 3425 237 3493 cogitans
255 3440 344 3493 neque
362 3426 478 3477 divinam
496 3427 624 3479 iustitiam
642 3442 759 3490 cavens,
778 3429 801 3479 si
823 3436 954 3479 tantorum
973 3425 1101 3479 malorum
1118 3427 1214 3479 mundo

114 3504 145 3549 et
161 3496 212 3563 ipsi
231 3498 291 3564 regi
311 3504 337 3547 et
349 3496 419 3548 bene
438 3497 592 3564 gubernatis
605 3499 801 3550 administrator
811 3500 897 3568 lieret,
916 3514 1004 3567 neque
1017 3498 1147 3551 fortunam
1165 3513 1214 3564 pa-

114 3583 184 3622 vens
202 3569 313 3634 incepti,
331 3583 416 3619 noras
434 3584 477 3620 res
489 3569 598 3622 molitur
618 3578 711 3623 contra
730 3586 837 3639 regense
859 3577 885 3622 et
904 3572 1044 3635 pessimam
1057 3570 1216 3622 seditionem

115 3655 177 3693 cnm
190 3638 317 3692 militibus
330 3643 360 3707 (o
376 3640 504 3694 insaniam
515 3650 541 3693 et
550 3642 736 3711 sacrilegium)
752 3643 935 3695 communicat.
949 3650 1027 3693 antea
1038 3642 1107 3693 eninr
1118 3649 1215 3693 aucto-

112 3710 189 3773 ribus
208 3711 373 3776 pravissimis
387 3727 420 3762 ex
440 3711 481 3763 his
501 3720 528 3763 et
541 3714 635 3780 populi
652 3714 839 3766 incitatoribus
859 3729 931 3776 usus,
951 3722 1044 3780 postca
1062 3713 1167 3765 desistit
1184 3712 1217 3764 nd

116 3796 165 3835 eos
184 3780 346 3851 chrysopoli
367 3790 453 3835 castra
473 3782 617 3849 habentes,
643 3793 670 3835 et
688 3786 882 3843 multitudinem
901 3786 1057 3837 concutiens
1077 3783 1216 3839 seditionis

115 3852 217 3905 artibus
242 3853 349 3905 adducit
373 3862 402 3903 nt
426 3869 517 3924 regem
547 3855 618 3907 hunc
642 3859 843 3921 renuntiarent,
873 3856 977 3923 reliqua
997 3871 1095 3908 corona
1115 3870 1216 3918 corum,

116 3925 164 3991 qui
183 3938 237 3977 non
262 3925 406 3990 participes
434 3927 460 3976 ei
482 3934 556 3978 erant
580 3928 672 3979 iniusti
698 3928 827 3990 consilii,
847 3928 1030 3993 inexspectata
1049 3927 1118 3977 lama
1138 3926 1218 3979 dubi-

116 4003 191 4052 tante
211 4003 238 4048 et
256 3996 388 4061 ancipites
419 4004 499 4065 atque
529 4013 588 4049 cnm
609 3998 684 4049 datus
704 3997 745 4049 his
765 3998 817 4050 dux
835 4013 889 4049 non
907 3999 1013 4051 adesset
1031 3996 1087 4059 ibi,
1111 3997 1218 4063 qniain
1272 4012 1276 4017 ·

113 4067 194 4135 ,regia
220 4067 354 4119 etiamtum
380 4068 555 4133 versabatur,
577 4069 675 4121 seditio
695 4076 809 4137 cognata
829 4069 899 4121 faeta
927 4076 967 4121 est
984 4076 1065 4135 atque
1083 4068 1185 4135 incepit
1202 4082 1219 4117 a

115 4138 197 4189 tertia
216 4135 313 4206 vigilia
329 4139 417 4191 noctis
436 4155 521 4208 usque
540 4140 573 4193 ad
591 4140 728 4195 meridiem
747 4141 847 4208 ipsum:
874 4140 970 4193 deindo
990 4156 1048 4191 cum
1068 4140 1218 4207 coniunge-

114 4217 209 4275 tuatur
235 4210 364 4277 arcuatis
393 4212 423 4264 si
446 4226 536 4281 nouae
553 4212 663 4273 assota
688 4213 736 4281 oui
753 4220 833 4269 untes
858 4211 937 4269 aliter
954 4218 1107 4279 senserant.
1124 4224 1218 4280 passos
