2967 4825
555 266 776 365 ursmare
1177 266 1228 341 ιο

126 424 179 489 καί
198 421 256 499 τός
278 412 396 510 άγοράς
414 427 633 511 περιέκοπτον,
662 434 717 496 καί
736 427 779 507 τός
809 432 844 496 έν
867 398 1086 519 άκροβολιέτμηλ
1107 430 1147 495 τά
1171 432 1228 515 τῆς

124 523 231 611 μάχης
258 524 387 609 ε’γίνειο.
439 524 553 611 μιαρόν
566 530 600 595 όὲ
624 525 759 613 ῦστερον
778 533 841 596 τιῦν
862 531 925 595 άπό
947 532 1002 615 τῆς
1022 526 1106 608 ἐάας
1127 556 1229 613 στρα-
1274 530 1279 539 ’

123 627 290 709 τενμάτων
308 622 456 693 άπάντοιν
469 629 716 718 ἐπανελθόντων,
725 635 794 711 ζειαί
807 633 861 717 τῆς
876 630 1041 714 δυνάμεως
1053 628 1155 717 άδράς
1167 620 1242 717 ἤδη

122 731 290 813 γενομένης
310 730 353 817 τῷ
366 734 501 811 βασιλεῦ,
526 727 566 795 τά
590 730 666 815 πρὸς
683 730 737 799 τόν
759 733 896 816 πόλεμον
911 732 1102 817 ἐξηρτύοντο.
1124 734 1180 797 καί
1199 730 1229 799 οἱ

98 832 179 913 ομὲν
200 826 234 893 έκ
257 830 488 914 τῆςβασιλίδος
502 829 582 896 κατά
605 834 862 903 τῶνάντιπάλων
886 829 1115 916 έσκενασμένοί
1135 829 1226 920 ἐξῄε-

124 958 203 1016 σαν,
234 929 435 1018 Βονλγαρικη
466 934 502 996 δέ
536 958 584 1010 τις
605 932 740 1017 όάνομις
773 934 835 1001 άπό
871 940 925 1020 τῆς
961 930 1096 1019 ἑσπέρας
1124 959 1226 1019 μετα·-

123 1038 309 1120 πεμφθεϊσα
323 1029 402 1098 κατά
425 1032 526 1099 νοότοιι
548 1042 614 1111 τοϊς
636 1042 709 1122 περί
726 1036 781 1103 τόν
802 1035 982 1123 ἀποστάτην
999 1028 1129 1120 Ιέγίνετο.
1150 1031 1227 1103 ides

123 1138 177 1199 κατ’
197 1143 315 1220 μοῖραν
341 1125 431 1211 οῦτος
451 1136 509 1202 ονίι
531 1138 699 1227 ἐλαχίστην
722 1138 955 1221 ἀποτεμόμενος
984 1139 1143 1224 ἐπιτρέπει
1168 1136 1228 1221 την

123 1234 290 1321 ἡγεμονίαν
321 1234 423 1319 αὐτῆς
452 1240 496 1325 τῷ
524 1246 671 1322 συγγενεῖ
690 1240 793 1303 αῦτοῦ
820 1241 982 1328 στρατηγῷ
1004 1239 1047 1327 τῷ
1070 1236 1255 1327 1λιιτάτζηη,ηο
1274 1266 1325 1322 172
1336 1284 1363 1324 ,ο

21 1342 22 1347 ’
83 1334 216 1421 λθάνόρί
234 1342 365 1427 γενναίῳ
388 1336 443 1403 καί
463 1341 582 1427 συνετῷ
610 1344 665 1407 καί
692 1338 773 1424 πρός
801 1342 906 1406 πάσαν
926 1336 1097 1424 πολεμικήν
1117 1343 1227 1422 έμπεί·

124 1440 194 1522 ριάν
222 1438 441 1529 άκαόαιρέτιμ·
493 1443 547 1504 καί
576 1438 750 1525 σομβαλάν
778 1434 870 1516 οῦτος
902 1447 966 1515 τοῖς
997 1440 1227 1525 ὑποσχομένοις

122 1542 320 1627 Βονλγάροις
341 1544 416 1625 περί
435 1542 491 1627 την
512 1544 575 1607 νῦν
592 1545 756 1625 liverius
773 1544 953 1629 περίχωρον
978 1540 1076 1626 άγαῖνι
1097 1537 1227 1627 μεγάλην

122 1642 243 1709 τούτων
266 1650 391 1726 κρατεῖ,
420 1644 476 1709 καί
505 1643 640 1721 πολλοῦς
675 1644 809 1709 άνελιόν
825 1647 986 1729 ἐπανῆλθε
1006 1646 1050 1730 τῷ
1072 1640 1228 1727 προτερή-

121 1766 200 1823 ματι
222 1739 462 1825 σεμνυνόμενος.
507 1735 582 1827 εῦρε
604 1747 639 1809 δέ
660 1742 715 1811 τόν
742 1745 969 1811 άποοτειλαντα
992 1748 1104 1811 τοῦτον
1125 1745 1227 1829 πάσης

82 1845 319 1927 λὸέψιλωμένον
345 1843 472 1928 ι’σχῦος·
516 1841 546 1909 ui
562 1841 624 1929 γάρ
661 1849 853 1929 στρατιῶται
880 1845 1104 1921 καταλιπόντες
1124 1843 1226 1909 αάτόν

121 1939 221 2023 άλλος.
236 1944 381 2029 άλλαχοῦ
397 1946 624 2033 διεσπάρησαν.
668 1944 789 2024 ι’όόντες
813 1949 849 2013 δέ
867 1950 924 2013 καί
944 1944 975 2013 οἱ
998 1952 1072 2033 περί
1092 1946 1146 2014 τόν
1159 1949 1226 2011 Bu·

120 2046 235 2133 τάτζην
266 2046 301 2125 τό
329 2048 470 2133 γεγονός,
507 2048 626 2133 άθρόον
655 2052 711 2113 καί
741 2048 836 2114 αῦτοί
857 2047 1016 2139 φογαόείρι
1037 2046 1226 2133 έχράσαντο.
1320 2052 1327 2063 ’

121 2153 281 2225 συνιέντες
314 2142 370 2214 οῦν
400 2140 485 2216 οῦτοι
517 2143 578 2239 όπη
611 2150 709 2234 τόχης
730 2150 811 2236 εἰσί,
841 2152 897 2215 ιιαί
917 2150 1024 2215 πάσαν
1042 2146 1226 2232 ἀπογνόντες

121 2247 281 2335 σωτηρίας
304 2248 394 2331 όέόν,
423 2254 465 2339 τῷ
494 2252 528 2315 έν
551 2248 814 2340 Βοολγαροφάγορ
847 2252 933 2338 σηκῷ
960 2247 1225 2335 καταφεῦγοοσιν.

17 2354 20 2381 ³
79 2352 406 2436 λθέπικαταλαβόντος
443 2354 480 2418 δέ
509 2355 566 2419 τοῦ
588 2355 756 2435 βασιλικοῦ
787 2354 1023 2436 στρατοπέδου,
1056 2352 1113 2432 τῆς
1136 2346 1226 2433 ἱεράς

17 2533 18 2536 ¹
119 2455 277 2538 τραπέζης
299 2457 519 2539 περιεχόμενοι
539 2455 746 2522 α’ποσπιῦνται
764 2457 889 2538 βιαίοις,
911 2452 966 2518 ναί
987 2448 1150 2532 όεσμοόται
1170 2471 1226 2531 γε-

17 2547 19 2606 l
120 2551 250 2634 νόμενον
273 2558 315 2644 τῷ
336 2560 469 2638 βασιλεῖ’
486 2561 753 2642 παραπέμπονται
772 2558 848 2640 περί
866 2553 922 2639 τὴν
946 2550 1069 2639 ἡμέραν
1088 2555 1146 2636 τῆς
1167 2550 1226 2617 τοῦ
1297 2573 1303 2582 ·

17 2689 18 2748 3
118 2655 260 2740 μεγάλαν
282 2660 360 2722 θεοῦ
380 2659 437 2724 καί
456 2660 598 2746 σωτῆρος
622 2652 712 2742 η’μῦν
733 2658 836 2744 Ἰησοῦ
856 2656 1000 2744 Χριστοῦ
1020 2655 1226 2739 γενεθλιαιιῆς

120 2977 324 3046 progredientes
351 2979 476 3033 nonnulli
507 2980 620 3048 dispersi
647 2979 874 3049 aggrediebantur
902 2990 966 3043 eus,
992 2977 1038 3047 qui
1057 2983 1119 3030 ante
1138 2985 1225 3030 eastra

120 3052 193 3104 missi
214 3060 298 3114 erunt,
319 3059 345 3102 et
364 3052 422 3104 lura
440 3052 566 3105 delebant
591 3061 617 3104 et
634 3053 710 3120 quani
735 3053 837 3103 eminus
861 3066 950 3119 pugna
969 3050 1096 3117 quaedam
1115 3051 1224 3102 coorie-

120 3120 205 3176 butur.
244 3122 337 3189 paullo
355 3133 444 3176 autern
463 3134 523 3191 post
542 3141 601 3176 cum
620 3124 731 3176 orientis
758 3124 892 3176 exercitae
912 3137 1005 3175 omues
1024 3122 1175 3185 rediissent,
1198 3129 1225 3173 et

121 3195 160 3245 vis
182 3193 274 3246 valida
293 3195 344 3246 iarn
364 3204 436 3248 esset
455 3198 523 3263 regi,
543 3213 612 3264 quae
631 3196 662 3247 ud
684 3193 785 3246 bellurn
804 3210 871 3262 epus
890 3203 951 3245 sunt
968 3192 1104 3260 parabant.
1144 3202 1225 3260 utque

120 3265 166 3318 ulii
187 3279 222 3316 ex
248 3267 324 3334 regia
347 3265 546 3319 contrahentes
580 3268 702 3321 instructi
729 3265 951 3334 egrediebantur3
974 3264 1118 3332 Bulgarica
1137 3273 1225 3315 autem

121 3337 251 3404 quaedam
276 3337 415 3388 multitudo
448 3354 481 3389 ex
507 3339 646 3390 occidente
665 3346 761 3404 postea
785 3338 867 3389 missa
885 3352 900 3387 e
920 3345 998 3405 terge
1017 3335 1136 3401 partibus
1154 3349 1224 3401 apu-

80 3437 85 3446 ·
121 3417 205 3460 statae
225 3410 308 3460 veuit.
344 3409 513 3477 quamobrem
540 3410 620 3461 etiam
644 3417 746 3476 purtem
774 3408 891 3461 hicnon
919 3409 1051 3460 minimam
1070 3415 1177 3472 separat
1197 3413 1224 3456 et

120 3481 200 3532 tradit
218 3480 358 3546 imperium
378 3482 435 3532 eius
454 3482 604 3549 propinque
624 3496 672 3532 suu
691 3481 752 3532 duci
770 3480 907 3545 Balatuae,
926 3481 985 3531 vire
1004 3477 1089 3530 nobili
1109 3485 1137 3530 et
1156 3492 1223 3544 pru-

121 3550 193 3602 denti
215 3559 241 3602 et
260 3553 287 3602 in
307 3553 377 3603 omni
395 3550 461 3604 belli
480 3553 577 3620 peritia
595 3553 707 3604 invicte.
748 3560 775 3602 et
793 3567 953 3620 congressus
979 3550 1023 3602 hie
1042 3550 1157 3614 cuniis,
1177 3549 1223 3617 qui

121 3621 303 3674 subvenerant
320 3623 444 3692 Bulguris
471 3626 543 3676 cirea
560 3623 736 3691 Kypselorurn
758 3624 913 3691 regionem,
933 3621 1038 3690 proelio
1059 3636 1155 3690 magne
1174 3620 1227 3673 hus

122 3693 207 3744 vincit
226 3702 252 3744 et
271 3693 361 3746 multis
380 3696 529 3747 interiectis
549 3696 629 3746 rediit
647 3695 760 3748 victoria
781 3694 876 3748 elutus.
919 3694 1025 3745 invenit
1042 3702 1131 3744 autem
1153 3707 1222 3755 eum,

121 3766 166 3832 qui
186 3764 257 3816 hune
274 3767 392 3829 miserat,
413 3768 483 3818 omui
503 3767 660 3818 denudatum
681 3768 725 3829 vi;
745 3766 845 3818 milites
868 3767 940 3818 euim
958 3764 1143 3832 relinquentes
1163 3777 1224 3814 eum

120 3835 189 3887 alius
215 3836 270 3888 aliu
295 3837 407 3904 dispersi
436 3846 519 3890 erant.
555 3855 614 3890 cum
639 3847 726 3890 autern
747 3838 871 3889 viderent
896 3838 974 3887 etiam
994 3835 1120 3902 Batutsae
1149 3833 1222 3886 mili.

120 3914 159 3960 tes
180 3907 292 3972 laetum,
317 3923 370 3960 uua
397 3917 424 3960 et
449 3911 501 3976 ipsi
528 3910 609 3977 fugae
636 3926 665 3969 se
687 3909 826 3960 dederuut.
873 3907 1057 3982 intelligentes
1078 3907 1159 3975 igitur
1178 3905 1222 3971 lui,

121 3993 172 4044 qua
197 3980 224 4030 iu
252 3979 358 4030 fortuna
383 3989 473 4032 essent
492 3982 648 4045 constituti,
675 3988 702 4030 et
721 3995 825 4032 ornnem
850 3979 1022 4046 desperantes
1041 3978 1134 4032 salutis
1153 3979 1223 4030 viam

120 4049 152 4102 ad
168 4049 304 4117 templum,
325 4051 396 4120 qued
414 4053 495 4104 estin
514 4051 734 4122 Bulgqrephygq
755 4051 923 4120 confugiunt.
961 4065 1020 4101 eum
1037 4058 1125 4102 autem
1144 4065 1223 4102 πεσο-

122 4130 249 4188 queretur
268 4137 315 4174 ees
339 4124 412 4191 regis
439 4125 573 4176 exereitus
599 4139 700 4176 sacram
722 4138 839 4176 mensum
857 4129 981 4176 tenentes
1001 4121 1166 4194 abripiuntur
1184 4121 1222 4184 vi,

123 4197 149 4244 et
166 4195 267 4262 captivi
286 4193 318 4246 ad
336 4208 428 4262 regern
446 4195 585 4252 mittuntur
605 4197 677 4248 eirea
695 4195 767 4248 diem
786 4195 882 4250 testum
905 4194 1054 4250 natiuitatis
1073 4193 1161 4264 magni
1178 4191 1222 4246 dei
