2967 4825
443 202 501 246 ”
593 235 876 329 ιιιετ·“ο,ιτιι,”1
946 244 1050 330 ''.
1172 238 1252 317 sss
1323 256 1359 352 j

144 408 334 486 coruscasti
346 404 487 491 χαρίτων
500 404 617 476 ἔαυτόν
637 413 850 492 α’πυξενοόντό
867 433 953 496 ποτε,
976 407 1019 487 ώς
1030 402 1114 477 εἶναι
1135 414 1250 492 θαῦμα

144 508 295 588 μέγιστον
323 516 388 584 τοῖς
424 510 607 597 δνθρώποις
644 517 699 579 ιιαί
731 514 927 599 ἀξιέραστον.
988 508 1063 579 όσον
1093 509 1153 597 γόρ
1183 518 1251 588 τοῖς

144 618 388 692 στρατιωτικοῖς
411 612 532 695 όγώσιν
565 616 750 691 α’νόποιστος
781 602 1166 699 stantemstantem
1187 636 1251 679 τιτι-ι

144 708 353 794 ταπληιςτικός
372 715 430 797 την
451 711 562 799 ὁρμήν,
581 718 729 781 τοσοότον
749 718 783 781 ἒν
795 725 864 791 ταῖς
886 721 1012 783 α’νδσεσι
1030 715 1084 781 καί
1102 723 1172 793 ταῖς
1193 720 1250 779 ls-

109 814 296 893 5γομέναις
316 813 508 899 ε’κεχειρίαις
538 815 593 882 καί
613 824 682 892 ταῖς
702 816 785 881 κατὰ
807 816 863 901 τη“υ
892 818 1043 902 βασιλίδα
1067 806 1277 903 διατριβαδςλ
1289 823 1342 880 218
1354 838 1382 899 a.

70 960 76 964 ,
142 909 300 993 ἡδύτατος
324 918 380 979 καί
411 921 569 1001 μειλίχιος
601 922 656 983 καί
682 916 890 1007 φιλόστοργος
913 919 992 1005 πρός
1017 918 1090 997 τοός
1115 920 1250 999 Belgas·

139 1013 247 1100 τίτυς,
281 1018 335 1081 καί
362 1014 473 1099 λόγους
500 1018 648 1095 ἀστείους
677 1021 793 1105 φιλών·
813 1024 868 1087 καί
897 1016 969 1097 τοός
1005 1016 1249 1104 υἷστελζομδυους

140 1115 458 1203 προσοικειοόμενος,
475 1118 541 1184 'aar'
561 1120 703 1200 α’παξιών
726 1116 842 1189 ἔαυτόν
869 1120 966 1211 ἑτέρην
987 1126 1156 1201 καλεῖσθαι
1175 1117 1251 1186 διό-

139 1240 221 1295 ματι
249 1208 270 1301 ἢ
299 1223 344 1305 τῷ
371 1218 430 1305 τήν
452 1220 636 1303 ἐπωνυμίαν
672 1226 859 1306 παρέχοντι
878 1218 964 1311 aizoi
986 1226 1021 1288 ἐκ
1038 1227 1094 1309 τῆς
1115 1221 1246 1299 πόλεως.

82 1326 131 1382 10
143 1317 201 1382 διαὶ
222 1321 314 1385 τοῦτο
340 1324 395 1385 ναί
417 1322 505 1409 παρό
529 1322 655 1390 πάττων
676 1325 819 1409 η’γαποῖτο
843 1322 1158 1412 διαφερόντως,καί
1179 1348 1252 1389 τοι·

140 1415 199 1482 τόν
223 1412 337 1504 όφελος
371 1424 426 1487 καί
458 1425 598 1506 ἐκαλεῖτο
634 1424 688 1490 καί
714 1426 908 1509 ἐγινώσκετο,
930 1426 1104 1491 πανδαισία
1129 1448 1164 1489 τε
1192 1425 1248 1489 καί

140 1523 289 1607 εόφημία
304 1522 408 1609 κοινή,
429 1524 622 1612 στρατιώτης
636 1550 670 1591 τε
688 1524 908 1613 α’παρόμιλλος
924 1530 978 1593 καί
998 1531 1125 1613 πολίτης
1148 1522 1245 1609 docy-

139 1647 258 1707 κριτος.
312 1618 359 1709 ἦν,
382 1628 443 1712 γὰρ
476 1625 554 1713 πρός
588 1629 710 1706 τούτοις
737 1634 792 1694 καί
819 1634 946 1713 μεγδδει
980 1624 1170 1710 διαλάμπων
1189 1629 1247 1691 καί

137 1716 216 1807 ’όψει
240 1727 429 1794 ταπεινώσει
454 1753 487 1794 τε
519 1727 723 1815 φρονήματος
743 1734 812 1796 καί
826 1731 1090 1816 συναναστροφῆς
1112 1724 1248 1811 κοσμιό·

81 1848 212 1912 15τητι
242 1830 297 1893 καί
324 1828 534 1911 μειδιάματος
557 1830 739 1915 ἱλαρότητι,
763 1834 809 1908 εἰς
842 1826 939 1915 όκρον
961 1831 1052 1917 δόξης
1074 1836 1128 1895 καὶ
1150 1853 1247 1915 περι-

139 1929 295 2011 λα’μψεως
317 1924 431 1996 ἑαυτὸν
458 1933 590 2016 όνυιμών
613 1934 653 2018 τῇ
676 1936 766 2019 κοινῇ
787 1936 845 1997 τοῦ
874 1933 1017 2017 πλήθους
1037 1923 1165 2018 εόλογίφ
1187 1932 1243 1995 καί

138 2035 289 2117 συντονίηι
305 2031 361 2113 τῆς
380 2030 596 2116 ἀναμνήσεως.

242 2130 289 2195 Ἐκ
310 2131 349 2216 δη
371 2130 490 2200 τοότων
518 2137 580 2200 τών
603 2137 743 2220 α’ρίστων
774 2136 828 2201 καί
847 2134 1001 2219 μεγίστων
1025 2137 1118 2215 ἕξεων
1139 2135 1243 2200 αότοῦ

137 2232 198 2297 καί
217 2230 396 2315 ἐντεόξεων,
419 2237 474 2299 καί
495 2221 540 2299 ών
562 2238 630 2317 μετ’
654 2235 753 2301 αότόν
777 2232 792 2298 ό
814 2239 929 2302 τοότου
951 2232 1146 2327 ώραιότατος
1168 2231 1244 2299 attia

79 2337 197 2422 πρόες
219 2330 252 2397 όν
273 2359 307 2398 τε
339 2345 402 2411 τοῖς
433 2346 668 2422 στρατιωτικοῖς
698 2340 897 2422 α’γωνίσμασι
926 2342 981 2403 καί
1002 2338 1167 2423 τροπαίοις
1187 2337 1243 2401 καὶ

135 2443 208 2512 τοῖς
231 2444 399 2514 πολιτικοῖς
431 2438 670 2523 διακοσμημασι
701 2439 757 2505 καί
781 2438 930 2525 όρρητοις
963 2440 1242 2522 ἐγκαλλωπιλτμασι

135 2541 292 2624 (συγγενῆ
310 2538 371 2625 γόρ
406 2537 509 2607 πόντα
529 2545 584 2606 κατ’
605 2538 766 2628 ὁμότροπα
800 2544 854 2605 κατ’
883 2540 1012 2626 όμοφυῆ
1039 2541 1083 2627 τῷ
1102 2535 1241 2624 πατρίό

134 2637 212 2716 υἱός
232 2637 612 2731 ἒπεδεόινυτο),,διπλοόν
628 2643 734 2730 τὸτῆς
752 2641 873 2729 α’γόπης
892 2646 946 2709 καί
961 2640 997 2707 τό
1013 2645 1074 2727 τῆς
1086 2639 1244 2727 όρασμιό-

211 2806 255 2859 ot.
274 2813 336 2874 post
353 2807 458 2878 ἐγκαλλ.
482 2807 559 2859 tecet
578 2806 717 2881 διίλαμπτ
733 2805 780 2859 rel
798 2805 886 2859 simile
904 2805 1026 2860 verbum.
1080 2805 1084 2813 '

131 2953 258 3007 mirate
280 2953 446 3018 inferiorem,
465 2961 510 3005 aot
526 2970 542 3005 a
560 2954 660 3006 virtute
679 2961 706 3004 ct
726 2953 861 3005 hilaritate
881 2961 909 3004 et
925 2955 982 3008 risu
999 2953 1141 3022 gratiarum
1158 2950 1241 3019 pleno

132 3042 170 3080 se
190 3022 384 3077 abalienantem
405 3041 530 3094 unquam,
549 3027 586 3076 ita
607 3033 637 3076 ut
655 3032 728 3077 esset
751 3024 906 3076 miraculum
924 3025 1065 3076 maximum
1090 3023 1242 3076 homiuibus

70 3118 75 3121 ·
134 3106 169 3150 et
189 3097 312 3149 amabile.
351 3105 476 3166 quantum
506 3099 575 3148 enim
600 3099 627 3147 in
655 3095 815 3148 militaribus
845 3096 1033 3147 certaminibus
1058 3094 1237 3147 irresistibilis

132 3177 198 3222 erat
210 3177 238 3220 et
255 3171 389 3222 animosus
409 3179 436 3221 et
454 3169 583 3221 terribilis
603 3169 714 3235 impetu,
733 3176 834 3220 tautum
852 3169 880 3218 in
898 3168 1056 3219 remissione
1076 3173 1103 3216 et
1124 3165 1240 3218 induciis

135 3249 169 3293 et
189 3243 396 3293 commoratione
415 3242 442 3292 in
461 3243 538 3310 regia
557 3240 730 3293 suavissimus
751 3249 776 3291 et
795 3239 864 3291 lenis
884 3246 910 3289 et
928 3253 1017 3290 amaus
1042 3253 1106 3306 erga
1129 3237 1240 3304 Byzan.

131 3314 212 3366 ties:
238 3321 265 3365 et
282 3329 420 3365 sermones
447 3313 563 3365 urbanos
587 3311 691 3362 amabat
717 3312 892 3379 hominesque
918 3309 1038 3372 ¹urbanos
1064 3307 1116 3362 sibi
1144 3309 1240 3360 conci.

132 3383 234 3452 litabat,
254 3385 445 3453 indignumque
464 3385 572 3436 rebatur
598 3400 627 3435 se
649 3382 704 3434 alio
733 3383 826 3435 vocari
850 3383 957 3432 nornine
982 3390 1061 3450 atque
1088 3395 1140 3445 co,
1167 3379 1239 3448 quod

135 3457 168 3508 ei
190 3473 224 3509 ex
242 3457 308 3508 urbe
326 3457 519 3524 praebebatur:
540 3464 684 3522 propterea
703 3457 782 3506 etiarn
801 3454 834 3505 ab
864 3451 984 3505 omuibus
1014 3453 1110 3504 eximie
1138 3450 1240 3519 dilige..

129 3529 218 3580 batur
237 3537 264 3580 et
282 3530 427 3581 communis
446 3527 548 3581 utilitas
568 3526 759 3579 obserabatur
777 3535 803 3578 et
824 3525 1045 3592 cognoscebatur,
1065 3532 1145 3592 atquc
1170 3535 1240 3574 cotr-
1280 3534 1281 3540 ’

133 3601 245 3653 virium
264 3609 291 3652 ct
308 3601 366 3652 laus
386 3601 541 3663 communis,
560 3597 692 3666 milesque
712 3597 901 3667 insuperabilis
921 3605 947 3647 et
973 3597 1040 3649 civis
1068 3597 1239 3663 incompara-

133 3671 213 3726 bilis.
235 3680 292 3725 erat
311 3673 380 3723 enim
399 3681 541 3739 practerea
560 3679 587 3722 et
596 3671 778 3737 magnitudine
793 3669 906 3722 illustris
927 3677 953 3719 ct
970 3667 1047 3720 vultu
1068 3675 1146 3736 alque
1172 3667 1239 3720 sub-

132 3745 261 3796 missioni
278 3745 359 3797 animi
379 3751 406 3795 et
424 3742 623 3795 consuetudinis
644 3743 742 3793 decore
763 3749 790 3793 et
809 3742 877 3794 risus
896 3739 1031 3791 hilaritate
1051 3741 1083 3791 ad
1102 3740 1238 3808 fastigium

133 3815 244 3883 gloriae
263 3824 290 3867 et
308 3816 472 3874 auctoritatis
490 3830 521 3868 se
539 3812 639 3865 tollens
658 3815 791 3864 communi
809 3811 985 3864 multitudiuis
1004 3812 1192 3864 benedictione
1212 3817 1240 3864 et

135 3899 274 3941 consensu
300 3886 499 3939 celebrationis.
550 3930 552 3933 .

238 3975 278 4028 Ex
291 3969 334 4027 his'
351 3976 434 4044 igitur
447 3976 554 4042 optimis
572 3975 746 4042 maximisque
762 3972 969 4040 proprietatibus
989 3972 1047 4024 cius
1063 3979 1089 4022 et
1105 3971 1237 4024 sermoni.

134 4049 190 4102 bus
209 4055 236 4098 ct
254 4048 348 4112 exiis,
368 4063 437 4114 quac
455 4047 570 4098 habebat
586 4054 648 4113 post
667 4061 726 4096 eum
745 4045 823 4096 huius
846 4045 998 4096 maturrima
1017 4058 1135 4112 propago
1157 4052 1184 4096 et
1209 4045 1237 4095 in

134 4119 298 4172 militaribus
318 4119 508 4170 certaminibus
528 4127 555 4169 et
573 4119 699 4184 tropaeis.
711 4123 738 4168 et
757 4116 881 4168 civilibus
902 4116 1029 4168 institutis
1050 4123 1076 4170 ot
1095 4116 1238 4168 virtutibus

135 4191 237 4251 celatis
252 4195 383 4262 (cognata
401 4193 471 4242 euim
490 4191 578 4243 omnia
596 4197 624 4243 et
649 4188 747 4244 similia
766 4195 793 4240 et
813 4189 931 4242 eiusdem
946 4195 1058 4240 uatuma
1076 4189 1145 4257 patri
1165 4186 1237 4240 lilius
