2967 4825
575 292 807 360 mmmm-
1136 287 1229 368 ,252
1312 308 1322 326 ⁸

134 463 238 550 αι’τήν
259 464 304 542 ὥς
323 457 363 531 όν
384 464 419 533 εἴ
432 489 517 543 τινες
538 464 625 549 κριοί
643 466 697 532 καί
716 471 892 549 βουκολίων
906 468 1019 552 α’γόλιιι
1038 464 1118 552 πρός
1136 472 1238 531 κολω-

130 564 209 643 νοός
231 558 252 650 ἢ
273 564 456 652 Σεμιράμια
482 570 574 651 τείχη
605 566 663 642 τός
687 568 772 646 ι’διάς
806 566 1065 652 προσαράττουσι
1085 563 1238 653 κεφαλάς,

131 661 158 750 ἢ
173 668 309 752 κηφῆνες
329 669 577 752 περιβομβοῦσιν
595 660 714 755 ἄνδρας
733 673 1002 752 γιγαντολότορας.
1045 664 1074 733 οἱ
1093 656 1154 748 μὲν
1174 664 1235 751 γὰρ
1283 702 1287 710 ·

76 812 83 825 ·
130 769 191 853 την
211 766 316 853 οίρχῆν
329 769 561 851 καταλαβόντες
584 774 625 859 τῷ
646 776 776 853 βασιλεῖ
787 771 1009 856 κατεφάνησαν
1022 766 1080 854 τη“ν
1101 772 1255 843 tunm,

103 882 121 937 5
130 874 265 952 χόρτοις
284 871 573 954 προκαταλαβόντες
597 869 783 956 ἀκρόπολιν,
805 875 862 936 καί
878 895 965 946 τινας
982 866 1236 956 α’κροβολισμοός

130 971 189 1035 καί
207 968 388 1057 προσβολαῖς
411 970 445 1036 ἐκ
465 978 529 1037 τεόν
550 973 650 1053 τόξων
665 974 719 1039 ιιαιΙ
737 969 939 1059 πετροβόλων
961 970 1104 1057 όργόνων
1125 966 1236 1056 εἰργό-

128 1095 240 1154 σαντο,
264 1070 404 1156 ἔπραξαν
427 1076 462 1138 δὲ
480 1074 575 1139 οὐδὲν
595 1066 616 1157 τ’)
632 1068 706 1140 ὅσον
728 1074 879 1155 ἐπίδειξίν
894 1097 965 1139 τινα
984 1077 1040 1157 τῆς
1053 1075 1235 1155 α’νταρσίας

127 1182 340 1257 προενεγκεῖν.
391 1175 621 1260 α’πισθόρμητσι
664 1179 699 1241 tt
741 1172 899 1260 γεγονότος
933 1176 1237 1261 τραυματισθέντων

128 1274 187 1339 καί
205 1278 300 1340 τινυόν
330 1280 364 1356 ἐξ
386 1276 515 1358 αότιόν,
549 1280 605 1341 καί
624 1287 689 1354 τοῖς
712 1271 822 1353 ἄλλοις
853 1277 974 1360 τείχεσι
996 1276 1232 1360 πλησιάσαντες,

87 1374 320 1461 λθόβριοτικός
352 1376 463 1464 φωνός
498 1371 518 1463 ἢ
545 1377 712 1463 παροινίας
748 1376 836 1461 παραὶ
864 1384 928 1443 ταῖν
953 1377 1088 1443 πολιτῶν
1118 1374 1235 1468 η’νωτί-

128 1499 237 1559 σαντα,
258 1483 313 1542 καί
333 1478 485 1557 α’κοντίοις
507 1483 562 1545 καί
581 1483 683 1555 λίθοις
698 1472 954 1566 όπεσοβήδησαν,
973 1476 1030 1547 καί
1051 1480 1161 1559 μίμοις
1183 1500 1236 1559 γτ-

129 1581 226 1643 λοίων
257 1579 566 1667 καθυπεβληθησαν,
602 1581 658 1648 καί
690 1586 748 1667 τη”ς
778 1576 1001 1667 ἀποκηρύξεως
1036 1576 1069 1643 ἒν
1106 1584 1236 1653 πολλοῖς

129 1679 266 1765 ἡμέραις
288 1680 349 1765 πρό
384 1686 441 1765 τῆς
478 1684 598 1758 πόλεως
631 1681 980 1766 στρατοπεδευσάμενοι
1016 1684 1236 1768 πληροφορίαν

130 1784 289 1859 ε’δόξαντο.
334 1776 400 1865 εἶχε
421 1782 481 1869 γόρ
507 1778 651 1861 ἅπαντας
679 1784 760 1868 ἔρως
791 1784 947 1868 ἐπιμανής
976 1787 1034 1850 τοῦ
1055 1777 1234 1849 Βοτανειό·

89 1894 121 1948 15
129 1906 201 1969 του,
220 1889 276 1949 καί
294 1883 352 1969 τὴν
373 1887 492 1951 ἐκείνου
522 1889 684 1969 βασιλειαν
702 1885 874 1971 ἐπιδημίαν
905 1881 947 1961 ιός
967 1886 1140 1970 ἐπιδημίαν
1158 1884 1236 1946 θεοῦ

129 1988 372 2072 προσεδέχοντο.

232 2091 349 2174 Μηδὲν
379 2092 414 2154 δὲ
445 2080 574 2156 sonos
594 2083 726 2176 ἤλπισεν
758 2090 854 2158 ότοό
875 2091 1054 2174 Βρυεννίου
1073 2085 1236 2153 ‘advotat-

130 2213 192 2276 φας
209 2186 361 2276 εόρηκιός,
383 2194 437 2257 καιΙ
456 2192 515 2277 την
535 2195 581 2268 είς
602 2192 660 2278 την
678 2192 915 2275 βασιλεύουσαν
930 2190 1054 2256 εἴσοδον
1066 2188 1234 2273 α’πογνοός,

131 2290 346 2377 διεπεραιώθη
377 2294 436 2377 τὴν
464 2296 522 2358 τοῦ
552 2290 644 2378 όγιόυ
675 2292 938 2377 Παντιλεὴμονος
966 2295 1128 2379 γέφυραν·
1182 2287 1238 2353 καί

89 2397 266 2476 λδθὲμενος
290 2396 323 2460 ἒν
344 2406 409 2471 τοῖς
434 2399 491 2462 τοῦ
511 2398 629 2462 Στενοό
653 2400 766 2482 με’ρεσι
796 2391 852 2480 τη’ν
881 2390 1087 2478 παρεμβολὴν
1107 2392 1235 2476 ιπαρῆλ-
1270 2446 1272 2450 .

128 2501 188 2561 θεν
210 2501 460 2581 συντεταγμένος
490 2495 532 2574 ὥς
560 2502 605 2588 τῷ
628 2504 758 2581 βασιλεῖ
784 2500 924 2571 καὶτοῖς
950 2501 1069 2569 λοιποῖς
1091 2496 1235 2565 πολίταις
1268 2519 1286 2538 ⁴
1332 2531 1337 2536 .

129 2600 166 2663 όκ
188 2601 248 2662 τοῦ
268 2605 451 2686 προφανοῦς
469 2598 711 2684 διοπτικαότερον
732 2595 960 2688 φανησόμενος,
981 2600 1036 2662 καί
1055 2593 1110 2660 τὸν
1132 2589 1234 2660 osind-

131 2700 249 2786 δελφον
280 2701 456 2788 ου’φημίαις
490 2700 568 2768 aoso?
605 2699 764 2788 διαδοχήν
784 2697 927 2790 1ἓκόστου
959 2701 1057 2784 λόχου
1078 2699 1233 2782 ἐτίμησεν.
1245 2701 1264 2755 i·
1282 2700 1367 2758 222¹·

131 3007 216 3054 ventu
231 3001 367 3053 exercitus
380 3000 561 3070 obstupefacti
577 3009 651 3053 suut:
671 3003 719 3055 sed
737 3003 777 3054 sic
789 2999 939 3054 sentiebant
957 2999 990 3050 de
1010 3012 1053 3064 eo,
1072 3004 1103 3050 ut
1120 2997 1144 3050 si
1156 2993 1235 3050 'aris-

129 3082 172 3126 tes
191 3071 238 3124 vel
265 3072 345 3123 boum
372 3089 470 3142 greges
499 3072 531 3126 ad
559 3072 645 3125 σοΙλεε
664 3072 711 3125 vel
739 3087 829 3125 muros
849 3071 1027 3125 Semiramidis
1047 3085 1094 3122 sna
1113 3068 1236 3138 infligant

130 3146 230 3212 capita,
250 3143 296 3202 uel
318 3144 373 3195 inci
393 3147 613 3214 circumstrepant
631 3145 705 3197 viros
725 3147 861 3214 gigantum
882 3140 1060 3194 coniectores.
1100 3142 1145 3207 qui
1165 3143 1234 3192 enim

130 3216 272 3283 imperium
291 3227 452 3284 acceperant
478 3220 536 3285 regi
556 3227 745 3285 apparuerunt,
764 3224 903 3284 postquam
921 3213 1129 3266 blachernarum
1147 3222 1236 3263 arcem

130 3295 210 3340 antea
231 3297 379 3355 ceperunt,
408 3298 434 3340 et
462 3289 536 3341 levia
553 3289 658 3356 proelia
679 3296 705 3339 et
730 3291 844 3356 impetus
864 3285 977 3338 arcubus
1000 3293 1026 3336 et
1053 3283 1235 3336 instrumentis

129 3359 297 3412 iaculatoriis
322 3369 525 3412 conseruerunt.
577 3368 691 3430 egerunt
707 3369 795 3411 antem
819 3359 888 3410 nibil
907 3359 959 3410 nisi
979 3366 1008 3409 ut
1027 3357 1235 3408 ostentationem

130 3433 271 3484 seditionis
297 3432 458 3498 proferrent.
502 3433 646 3485 redeuntes
674 3441 781 3496 autom,
809 3447 867 3481 curn
893 3431 971 3482 etiam
995 3426 1121 3480 nonnulli
1149 3443 1182 3478 ex
1200 3428 1237 3479 iis

130 3504 265 3555 vulnerati
287 3511 385 3568 essent,
406 3513 432 3557 et
450 3505 563 3574 reliquis
580 3504 719 3556 moenibus
738 3504 984 3571 appropinquantes
1003 3496 1131 3567 superbas
1151 3511 1234 3550 voces

130 3576 176 3627 vel
195 3576 308 3627 iniurias
321 3592 355 3627 ex
370 3577 474 3630 civibus
495 3577 664 3640 audiverunt,
679 3583 705 3626 et
720 3575 816 3628 iaculis
835 3573 1022 3640 lapidibusque
1041 3570 1112 3639 pulsi
1133 3578 1195 3622 sunt
1208 3578 1235 3622 et

129 3663 179 3714 per
197 3646 342 3699 histriones
360 3648 533 3699 ridiculorum
546 3649 682 3715 depressi:
704 3656 731 3698 et
751 3645 886 3713 repulsae,
906 3645 966 3697 dunt
980 3643 1077 3695 multos
1095 3643 1153 3694 dies
1171 3650 1234 3693 ante

130 3719 224 3770 urbem
243 3728 328 3771 castra
346 3727 455 3784 tenent,
482 3729 580 3772 certant
608 3721 685 3788 iidem
706 3726 877 3787 acceperunt.
920 3716 1028 3768 tenebat
1053 3715 1234 3766 enimomnes

129 3792 226 3858 cupido
246 3791 349 3842 furiosa
366 3792 533 3866 Botauiptae,
554 3801 580 3842 et
598 3790 672 3842 illius
690 3791 961 3862 regiumandventum
986 3797 1111 3855 tanquam
1131 3786 1234 3839 adven-

129 3870 183 3913 tum
206 3863 250 3913 dei
270 3863 447 3930 excipiebant.

229 3951 370 4020 Postquam
390 3961 477 4004 autem
497 3953 565 4004 nibil
586 3968 692 4016 eorum,
713 3966 782 4019 quae
810 3955 975 4016 speraverat,
1003 3947 1084 3998 irater
1102 3946 1232 4012 bryennii

129 4024 234 4076 invenit
254 4023 397 4080 studitum
416 4025 444 4074 in
462 4025 554 4076 urbem
570 4025 731 4091 desperavit,
752 4022 856 4073 transiit
875 4021 959 4072 sancti
980 4019 1232 4070 omnimiserieordis

129 4102 246 4161 pontem,
268 4104 294 4147 et
311 4096 406 4162 positis
425 4098 453 4148 iu
474 4098 655 4165 angustiarum
673 4095 792 4164 partibus
813 4093 906 4146 castris
927 4090 1067 4158 praeteriit
1086 4093 1231 4142 instructus

130 4174 158 4216 nt
181 4169 240 4234 regi
266 4176 294 4218 et
320 4167 416 4220 ceteris
448 4168 551 4221 ciuibus
583 4184 616 4220 ex
640 4175 733 4235 aperto
764 4164 861 4216 clarius
881 4178 1055 4226 occursurus,
1077 4170 1104 4213 et
1123 4162 1231 4213 fratrem

129 4236 252 4292 laudibus
272 4247 379 4308 quoqne
397 4233 490 4293 ordine
509 4255 539 4293 se
559 4237 710 4308 excipiente
731 4239 853 4290 ornauits
880 4237 1027 4307 quodcum
1046 4239 1110 4288 atra
1130 4232 1231 4285 feriens
