2967 4825
224 256 274 361 ιο
531 252 750 347 nrcnnans
777 249 1039 325 smnuomn
1092 191 1098 208 ⁸

224 419 359 507 ἑορτῆς,
381 419 436 485 καί
455 422 537 505 μηδὲ
557 418 651 505 λόγου
673 422 824 505 τυχόντες
845 424 942 507 χτρυδ
960 422 1083 505 δημΐων
1103 417 1180 494 τούς
1202 415 1340 505 dodel-

222 521 570 604 μοδς“·διιοβα’λλουσιυ.
626 518 753 605 ἑτέρους
781 522 820 587 dt
838 524 893 606 τής
914 524 1111 597 decorandos
1139 516 1340 602 συμμήστας

177 626 180 637 “
224 617 240 686 o‘
261 620 412 703 βασιλεῦς
434 626 478 699 εἰς
495 627 588 705 υοόμα
609 622 742 688 κολάσαι
765 625 823 687 onis
841 620 1034 713 ηιίιονόμησσ,
1048 623 1135 712 φυγή
1156 624 1193 687 ti
1214 617 1340 697 αδτοδς

226 722 287 789 καὶ·
300 722 454 809 δημττίσσι
480 724 727 811 ιτροσεζημίιοσε.
901 799 905 810 ¹

206 826 207 829 ’
326 828 393 889 Καὶ
411 822 525 905 τὰμὲν
546 829 601 909 τής
621 828 790 910 ἐπιβουλῆς
812 827 953 892 τοιοῦτον
969 824 1044 909 ἔσχε
1066 824 1102 891 τὸ
1124 828 1221 900 τέλος.
1246 825 1364 888 End-5

223 933 281 993 θαι
304 928 348 1007 δέ,
371 919 675 1006 υδςΠατζινοὶιιους
696 920 780 991 οἶδεν
804 927 820 991 ὃ
844 925 993 1013 δημώδης
1026 925 1113 1009 λόγος
1133 932 1253 1003 καλεῖν,
1274 926 1336 1006 τὸν

190 1019 335 1145 ,Ἴστρον
355 1026 501 1111 παγγευτδ
516 1026 682 1109 διαβάντες
697 1031 765 1108 μετ’
784 1024 823 1092 οὗ
844 1026 925 1093 aoid
945 1036 1009 1104 τοῖς
1026 1024 1213 1111 Ῥωμαϊκοϊς
1233 1030 1335 1111 dysa-

222 1130 423 1211 τεσυήνυοσαν
455 1128 583 1210 τόσοις,
612 1133 700 1211 γένος
721 1132 794 1207 α’ντί
816 1130 919 1214 ιιοὶσης
950 1122 1051 1214 ἄλλης
1080 1125 1338 1215 ἐπιστήμηςκαί

229 1231 342 1313 τέχνης
361 1225 418 1316 τήν
436 1233 510 1309 μεθ’
534 1224 639 1293 δ’τιλιυν
661 1230 838 1314 ἐπιδρομήν
864 1229 1006 1314 ήανηνὸς,
1026 1228 1082 1294 καί
1101 1231 1173 1311 βίον
1194 1226 1269 1312 ἔχον
1288 1223 1332 1293 'sd

222 1332 256 1395 ἐν
277 1329 423 1419 ῥομφαίᾳ
446 1323 507 1406 ναῖ’
524 1329 603 1417 τόξῳ
628 1328 683 1393 κατ’
700 1334 787 1411 βέλει
808 1332 952 1413 συνεχῶς
983 1333 1106 1415 διαζῆν,
1126 1334 1276 1412 μυσαρὸν
1293 1330 1389 1397 δδῑθ

222 1429 261 1495 sd
289 1430 368 1516 πρὸς
389 1431 425 1496 τὸ
458 1434 514 1515 ζήν
545 1431 600 1495 καί
621 1426 797 1516 τήνόἵλλην
817 1430 995 1516 διαγωγήν,
1025 1437 1079 1497 καὶ
1099 1436 1334 1517 μιαροφαγιοόν

222 1530 373 1620 οὐδαμοῖς
396 1530 604 1615 ἀπεχόμενον.
650 1536 742 1597 τοῦτο
761 1536 883 1620 ιιονηρᾷ
903 1532 965 1599 τιυὶ
978 1532 1063 1621 τύχη
1082 1541 1145 1608 τοῖς
1159 1533 1336 1614 Ῥωμαίοις

223 1629 466 1713 ἑτιεισκαομοὶσαν4
484 1628 585 1717 ὁρίοις
610 1630 707 1697 πολλοὶ
732 1631 821 1697 δεινὰ
853 1636 909 1699 καί
929 1634 1011 1723 λόγῳ
1035 1630 1172 1720 ῥηθῆναι
1195 1632 1336 1715 καθεξῆς

221 1732 264 1819 μή
287 1736 448 1815 δυνάμενα
469 1738 501 1810 ἐς
530 1728 663 1818 ὕστερον
685 1738 894 1818 διανιὲνιραχι.
944 1739 1021 1812 τέως
1048 1737 1077 1799 δ’
1102 1728 1160 1799 odo
1181 1733 1236 1818 τῆς
1257 1730 1337 1815 περὶ

222 1831 341 1899 τούτων
374 1840 483 1921 φήμης
515 1836 752 1919 σ’νιιδραμοδσης
782 1834 841 1911 τοὶς
873 1834 948 1920 πρὸς
971 1833 1059 1920 ἥλιον
1080 1833 1211 1919 λήγοντα
1234 1828 1386 1899 davd-15

223 1920 293 2015 μιὶς
315 1933 330 1999 δ
350 1935 503 2017 βασιλευς
526 1938 640 2011 ου’τοΐς·
664 1934 867 2020 ἐπεστήσατο.
919 1934 949 2001 οῖ
970 1940 1007 2001 δὲ
1027 1940 1085 2020 τής
1105 1960 1140 2001 το
1160 1932 1335 2018 ἀλλοτρίοις

223 2032 270 2100 ἔτι
291 2040 489 2112 καθεστῶτες
518 2036 708 2123 ἀπείρατοι,
734 2040 789 2101 κατ’
807 2037 890 2125 vdent
920 2035 1068 2118 λοιμώδει
1089 2034 1337 2121 νατατρυχόμε·

224 2158 290 2219 υοι,
318 2132 489 2220 ἀσυνήθως
512 2140 547 2203 δὲ
571 2136 626 2205 ιιαί
655 2138 734 2221 πρὸς
757 2138 814 2213 τοὶς
837 2135 1019 2219 Ῥωμαϊνάς
1048 2136 1213 2223 φάλαγγας
1244 2135 1336 2201 αἰντι-

156 2239 160 2251 ’
226 2235 463 2319 στρατεύεσθαι
491 2236 631 2321 ἔχοντες,
660 2246 774 2322 χεῖρας
794 2244 854 2322 μὲν
883 2237 1017 2323 α’ντάροι
1037 2236 1162 2315 τούτοις
1182 2231 1242 2301 οὖν
1262 2239 1336 2301 drio-

195 2396 202 2409 „
226 2338 375 2422 κιμασοιν,
397 2336 473 2418 τούς
497 2342 532 2404 δὲ
555 2338 717 2426 ἄρχηγοδς
742 2340 850 2405 αὐτοῖν
871 2345 926 2406 καί
947 2340 1239 2426 συνταγματάρχης
1260 2338 1386 2403 dos-2⁰

226 2463 277 2514 τις
301 2441 464 2526 ἐνέχυρον,
485 2443 541 2506 καὶ
562 2441 719 2534 δρήλωοιν
746 2437 848 2519 οὕτως
861 2442 1106 2526 ὑποκρινάμενοι
1113 2491 1123 2524 ,
1143 2446 1338 2528 praesopus·

226 2539 300 2616 πίας
323 2540 468 2633 descedes
490 2544 692 2629 τυγχάνουσι.
735 2541 791 2610 καὶ
809 2544 900 2620 λύσις
920 2540 986 2609 τότε
1006 2548 1062 2630 τῆς
1082 2546 1235 2628 στρατιαῖς
1257 2544 1335 2608 δια.

191 2743 194 2748 ’
299 2728 330 2854 {3
345 2723 498 2856 dppdotge
517 2728 547 2784 G.
623 2731 664 2782 11.
684 2731 932 2804 μιαροφαγῶνῦτ
952 2731 1070 2783 correxit
1087 2729 1230 2784 Brnnetus.
1288 2730 1333 2782 15.

316 2819 436 2874 ηγονῐας
481 2838 487 2852 ·

231 2979 257 3025 et
283 2973 425 3028 salvatoris
451 2977 536 3028 nostri
557 2974 620 3028 Iesu
647 2975 746 3030 Christi
771 2983 851 3044 atque
882 2991 917 3027 ne
940 2988 1089 3028 sermonem
1114 2976 1220 3045 quidem
1242 2974 1336 3044 adepti

229 3045 348 3098 manibus
368 3047 519 3100 carnificum
539 3046 632 3100 oculos
651 3049 788 3111 amittunt,
809 3047 982 3099 alienantem
1002 3048 1157 3099 deiectione
1175 3048 1255 3099 simul
1275 3049 1334 3099 ini.

229 3118 309 3168 tiatos
327 3133 376 3168 rex
394 3127 508 3186 corpore
526 3120 616 3186 puniri
633 3135 686 3172 non
707 3119 801 3184 iussit}
826 3119 910 3170 exilio
932 3127 1020 3172 autem
1040 3135 1086 3171 eos
1104 3128 1131 3170 et
1148 3118 1335 3185 publicatione

231 3191 345 3254 punivit.
795 3206 801 3213 ·

328 3263 416 3330 Atque
435 3263 530 3315 seditio
547 3262 627 3314 talem
645 3263 737 3315 habuit
759 3264 867 3315 exitum.
906 3262 1022 3330 Scythae
1042 3270 1139 3327 antem,
1158 3277 1225 3330 quos
1239 3262 1334 3314 Patri..

229 3345 312 3386 nnens
330 3334 401 3387 solet
419 3336 563 3386 communis
583 3349 669 3386 sermo
690 3337 844 3399 nominare,
869 3335 964 3386 istrum
989 3351 1047 3386 cum
1066 3343 1121 3385 tota
1140 3343 1221 3402 gente
1239 3342 1333 3387 trans.

229 3407 316 3474 gressi
343 3421 397 3458 non
424 3408 461 3456 ita
491 3407 575 3458 multo
604 3415 680 3473 post,
705 3407 733 3456 in
761 3406 868 3459 Graecis
888 3414 974 3457 castra
994 3415 1141 3473 posuerunt
1160 3405 1243 3457 locis:
1263 3421 1334 3474 gens

229 3493 279 3546 pro
299 3479 369 3528 omni
388 3478 441 3528 alia
461 3478 573 3530 scientia
593 3486 620 3528 et
637 3477 694 3529 ar'te
712 3492 844 3528 armorum
862 3479 1042 3531 incursionem
1063 3487 1222 3529 exercuerat
1240 3485 1267 3528 et
1285 3479 1334 3529 vi-

223 3557 273 3620 tae
292 3563 376 3616 genus
395 3547 555 3600 habebatid
573 3550 647 3599 utin
666 3547 757 3616 gladio
776 3557 804 3600 et
828 3565 891 3602 arcu
913 3556 940 3601 et
964 3549 1053 3602 iaculo
1073 3557 1227 3602 constanter
1244 3549 1334 3617 dege-

148 3622 152 3626 “
229 3627 281 3683 ret,
303 3619 409 3671 sordida
432 3626 520 3668 autem
549 3620 577 3669 in
595 3620 650 3670 vita
677 3629 703 3670 et
721 3620 796 3671 cultu
814 3621 884 3686 alio,
916 3629 943 3671 et
959 3623 1122 3689 impurorum
1142 3622 1262 3673 ciborum
1281 3635 1334 3672 σου

230 3692 338 3743 minime
356 3689 501 3741 abstinens.
534 3689 600 3742 haec
624 3691 723 3742 misera
752 3693 862 3759 quadam
887 3692 993 3744 fortuna
1019 3695 1047 3742 in
1073 3694 1188 3746 Graecos
1208 3695 1334 3760 ingressa

230 3763 297 3815 iines
315 3762 398 3814 muita
418 3761 551 3812 horrenda
572 3769 598 3811 et
616 3775 685 3828 quae
709 3766 831 3814 oratione
861 3764 914 3816 dici
939 3764 1065 3830 deinceps
1083 3779 1137 3814 non
1155 3765 1260 3832 possint
1277 3777 1333 3830 po-

232 3842 289 3887 stea
309 3835 483 3901 perpetravit.
528 3847 587 3882 cum
608 3834 690 3901 igitur
715 3833 783 3886 fama
802 3835 835 3886 de
859 3834 901 3897 his
920 3844 1100 3900 percurreret,
1118 3837 1191 3888 vires
1210 3851 1280 3903 quae
1298 3835 1336 3885 ud

232 3905 362 3956 orientem
380 3921 396 3956 a
413 3905 488 3956 beilo
513 3904 667 3968 cessabant,
694 3921 744 3957 rex
764 3907 796 3957 iis
821 3907 955 3972 opposuit.
998 3905 1041 3956 illi
1068 3914 1156 3957 antem
1175 3907 1335 3957 inimicitiae

228 3979 367 4028 etiamtum
392 3977 509 4044 imperiti
535 3985 562 4027 et
586 3977 677 4028 morbo
706 3978 835 4044 pestifero
861 3977 977 4027 coniecti
1001 3991 1090 4044 neque
1110 3980 1232 4030 consueti
1251 3979 1335 4029 etiam

232 4057 325 4101 contre
344 4047 458 4101 Graecas
483 4047 631 4116 phalanges
656 4048 770 4113 bellare,
789 4063 881 4099 manus
906 4055 998 4098 cenna
1017 4048 1066 4113 hos
1084 4048 1183 4101 tollere
1201 4064 1255 4101 non
1274 4057 1334 4101 sta-

231 4127 350 4186 tuerunt,
369 4121 452 4172 duces
472 4128 560 4170 nutem
574 4136 637 4174 suos
656 4127 684 4171 et
703 4122 835 4188 agminum
854 4119 984 4185 primores
1002 4136 1061 4173 cum
1080 4120 1217 4173 dedissent
1232 4129 1262 4172 nt
1280 4121 1335 4174 oi.

191 4194 193 4198 ’
231 4193 318 4260 tides,
346 4199 373 4246 'et
399 4191 594 4248 subiectionem
612 4193 928 4262 itareprnesentassent,
955 4190 1144 4265 humanitatem
1162 4193 1225 4246 inde
1242 4193 1335 4262 adipi..
