2967 4825
557 271 767 343 HISTORIA.
1121 262 1216 341 :187

118 436 254 521 σδμινος
273 438 392 522 μικροό
411 440 474 504 δόω
497 442 629 513 δονεῖν.ἱ
662 436 722 525 ἐγδ
743 436 803 523 γάρ
825 440 891 521 εἰμι
925 436 1042 515 ἐκεῖνος
1062 433 1080 501 ό
1098 436 1218 514 Ἰωνᾶς.

119 536 228 606 λοιπόν
251 532 314 623 ἄρα
336 539 370 605 τί
391 563 431 621 με
463 543 516 605 κοί
535 536 647 623 βόλετε
676 543 722 618 εἰς
742 538 799 623 τὴν
829 538 1021 606 θάλασσαν·
1071 538 1125 605 διό
1157 537 1217 625 γόρ
1301 564 1310 576 ·

117 638 175 717 τός
194 636 275 721 ἐμοὶς
297 638 428 723 πράξεις
448 638 485 706 τό
507 641 641 706 τοιαῦτα
668 638 844 724 σκυθρωποὶ
873 643 929 705 καί
947 638 1073 724 χαλεπιέ
1100 664 1220 707 συναν-

116 739 238 826 τήματα
270 747 336 817 τοῖς
367 736 538 823 Ῥωμαίοις
568 739 879 826 ἐπισυμβαίνουσιν.”
927 745 983 808 καί
1007 740 1025 806 δ
1047 744 1105 824 μὲν
1130 742 1219 828 λόγος

92 835 287 923 5μετόνοιαν
306 844 368 907 τῶν
390 847 493 921 κακοῖς
513 842 736 929 πραττομένων
758 842 920 929 ᾐνίττετο,
940 840 974 907 τό
1000 844 1029 907 δ’
1048 840 1139 927 ἔργον
1161 834 1218 907 oria

116 934 164 1028 ἦν,
187 942 241 1008 καί
260 943 279 1029 ἦ
303 941 477 1027 διόρθωσις
497 944 654 1011 ἐδείκνυτο
677 945 827 1026 ου’δαμοό
840 969 849 988 ·
905 937 944 1029 ἦν
971 942 1032 1028 γδρ
1065 940 1218 1019 ἐκείνοςό

115 1052 186 1120 τοϊς
205 1042 367 1124 κακίσταις
398 1045 660 1131 δποθημοσόναις
688 1040 731 1121 ὥς
763 1046 977 1133 ἀκυβέρνητος
999 1043 1220 1112 καταδουλού-

114 1168 210 1227 μενος
232 1139 357 1211 ἐαυτόν.
408 1149 486 1222 τέως
518 1150 547 1212 δ’
570 1141 628 1211 οὖν
649 1148 811 1232 προίοντος
844 1150 904 1211 τοῦ
920 1146 1102 1213 Ῥουσελίου
1120 1169 1220 1230 πρεσ-

102 1249 205 1328 ’βεῖαί
214 1270 296 1323 τινες
318 1250 353 1313 ἐκ
365 1253 523 1329 βασιλέως
542 1254 739 1336 πεμφθεῖσαν
754 1248 856 1337 τοότιρ
871 1246 1080 1334 συνήντησαν,
1092 1247 1218 1330 α’ξίοομο

76 1347 383 1431 1οκουροπαλατικὸν
406 1348 729 1432 όπισχνοόμεναικοί
751 1350 874 1432 δωρεὰς
889 1354 1086 1436 φιλοτίμους,
1112 1352 1143 1416 εἰ
1163 1340 1220 1432 τὴν
1328 1352 1333 1357 ’

115 1448 313 1514 ἀποστασίαν
337 1450 432 1536 α’φείς
453 1449 652 1526 ὑπόσπονδος
671 1453 714 1539 τῷ
736 1455 868 1534 βασιλεῖ
882 1454 1019 1537 γένηται.
1064 1448 1134 1514 δδέ
1154 1474 1219 1533 μη-

116 1536 209 1625 δενός
230 1551 292 1614 τῶν
315 1552 490 1635 λεγομένων
521 1550 653 1635 α’νὴκοος
675 1552 831 1635 γεγονιός,
856 1555 913 1637 τῆς
941 1549 1018 1634 πρός
1047 1548 1103 1636 την
1124 1534 1220 1633 duot—
1321 1606 1323 1612 .

114 1649 273 1717 λεόοοσαν
293 1654 423 1734 πορείας
447 1650 693 1738 σπουδαιότερον
715 1651 832 1736 εἴχετο,
874 1646 941 1737 εἶχε
962 1651 1025 1736 γὰρ
1044 1654 1115 1735 μεθ’
1141 1646 1250 1717 iou-i.
1264 1661 1352 1720 λθότ.

114 1754 174 1815 τοῦ
196 1752 416 1835 αἰχμάλωτον,
445 1753 478 1817 ἐν
501 1754 537 1841 τῇ
562 1756 618 1818 τοῦ
640 1756 808 1837 Καίσαρος
836 1755 937 1843 τροπῇ
954 1751 1070 1819 ’τοῦτον
1091 1776 1222 1839 προσει-

76 1868 105 1923 15
115 1851 235 1940 ληφοός,
259 1856 429 1919 Βασίλειον
450 1858 583 1940 σβέστην
600 1852 654 1919 τόν
677 1860 846 1941 Μολέσην,
867 1856 975 1939 διττῆς
996 1855 1059 1918 τοῖν
1079 1856 1221 1937 Περσῶν

116 1955 342 2039 αἰχμαλωσίας
365 1956 423 2020 οδκ
444 1958 478 2021 ἐκ
494 1959 612 2021 πολλοῦ
632 1954 820 2038 ἐπανιόντα,
843 1958 888 2045 τῷ
899 1958 1043 2040 Καίσαρι
1063 1958 1101 2028 ,δέ
1121 1978 1222 2040 προσ-

115 2063 282 2144 ληφθέντα
307 2057 362 2123 καί
383 2054 652 2151 οἰκειωθόνιαδιδ
676 2056 712 2123 τό
726 2060 902 2145 περιφανὲς
923 2061 980 2143 τῆς
1002 2054 1116 2121 τοότοο
1139 2080 1221 2142 φρο.

115 2148 238 2243 νήστιας
259 2164 313 2225 καί
332 2158 485 2244 γνώσεως.
529 2160 598 2223 ἀλλ’
621 2162 653 2225 εἰ
664 2162 718 2225 καί
737 2162 939 2245 δορυόλωτον
963 2166 1072 2225 τοῦτον
1093 2154 1109 2222 ό
1128 2155 1221 2226 Ῥου-

116 2266 222 2339 σέλιος
243 2258 365 2345 ἐλαβεν,
388 2258 473 2350 ὅμως
496 2246 628 2350 ἐντομῇ
649 2260 781 2351 μεγίστῃ
802 2258 879 2345 εἶχε,
902 2262 958 2326 καί
979 2260 1021 2337 cic
1043 2257 1222 2345 ἔμπρακτον
1335 2326 1337 2336 ,

75 2354 219 2447 οοόνδρα
247 2362 302 2428 καί
322 2358 538 2449 λογικώτατον,
562 2366 617 2429 καί
637 2371 749 2450 πεῖραν
779 2360 880 2429 ositeri
902 2361 1061 2429 δεδωκότα
1083 2362 1136 2428 διό
1159 2362 1221 2429 τῶν

116 2468 278 2548 προτέρων
300 2463 592 2551 ἐπιστρατεύσεων,
614 2469 649 2532 ἐν
673 2466 770 2556 μοίρρι
794 2467 856 2530 τεόν
878 2464 1069 2548 συμβούλων
1090 2466 1221 2548 ἐτίθετο,

115 2570 240 2649 μᾶλλον
263 2569 298 2631 δὲ
319 2565 496 2652 πρώτιστον
517 2562 595 2653 εἶχε,
618 2570 674 2635 καί
692 2569 734 2646 ὥς
762 2567 888 2652 γλοόσση
908 2565 962 2631 καί
982 2565 1074 2652 χειρί
1093 2572 1135 2656 τῷ
1154 2587 1222 2632 τοι·

118 2666 202 2757 οότιρ
225 2669 258 2738 ἐν
281 2677 347 2744 τοῖς
362 2676 532 2745 πολιτικοῖς
554 2673 705 2756 ἐκέχρητο
729 2668 924 2755 πράγμασιν.
950 2657 1097 2744 οὗτος-τό
1121 2665 1221 2733 πολλό

118 2771 178 2852 μέν
200 2763 332 2836 ἑλέσθαι
362 2767 419 2856 τὴν
446 2770 572 2858 εἰρήνην
592 2777 635 2861 τῷ
651 2772 821 2860 Ῥουσελιίρ
844 2770 1008 2837 ἐπετίθει·
1062 2769 1093 2835 εί
1114 2769 1149 2836 δέ
1169 2765 1225 2834 καί

191 2960 218 3014 2.
237 2958 348 3032 βάλλετε
369 2954 399 3014 0.
498 2960 542 3015 λθ.
563 2959 717 3023 δεδωκότος
734 2959 765 3015 0.

120 3126 173 3177 iam
192 3123 283 3176 tollite
308 3139 351 3174 me
372 3133 398 3177 et
415 3125 497 3178 iacite
522 3127 549 3178 in
566 3141 657 3178 mare:
683 3132 794 3194 propter
815 3140 874 3176 mea
901 3125 972 3177 enim
990 3125 1061 3177 iacta
1078 3123 1147 3178 tales
1165 3125 1223 3177 duri

121 3205 147 3248 et
167 3194 295 3250 difficiles
322 3211 398 3250 casus
418 3198 527 3250 Graecis
546 3199 717 3251 occiduum.
742 3206 823 3266 atque
855 3196 938 3250 verba
956 3197 1060 3266 quidem
1079 3197 1223 3263 poeniten.

120 3270 183 3320 tiam
203 3266 274 3319 male
293 3266 424 3321 factorum
442 3269 646 3338 significabantr
671 3285 715 3324 res
733 3276 822 3323 autem
840 3283 895 3321 non
913 3269 956 3320 -ita
974 3284 1004 3320 se
1024 3266 1152 3320 habebat:
1171 3283 1223 3319 ne.

120 3357 174 3409 que
194 3355 304 3408 usquam
332 3342 480 3394 emendatio
508 3342 661 3410 apparebat.
708 3343 861 3395 subiecerat
890 3340 961 3392 enim
986 3355 1015 3392 se
1033 3339 1082 3390 ille
1101 3340 1223 3406 pessimis

121 3411 244 3464 consiliis
264 3413 339 3480 quasi
358 3427 413 3465 non
431 3414 602 3481 gubernatus.
640 3415 743 3467 interea
761 3413 844 3482 igitur
863 3429 922 3464 cum
941 3411 1147 3479 progrederetur
1165 3409 1223 3462 nu.

120 3484 224 3547 solius,
250 3483 402 3552 iegationcs
427 3501 442 3535 a
469 3502 535 3554 rege
559 3487 657 3538 missae
682 3485 745 3538 huic
771 3486 877 3539 obviam
895 3491 1049 3547 venerunt,
1068 3483 1224 3552 dignitatem

120 3555 331 3622 curopalatieam
350 3558 544 3624 promittentes,
565 3567 592 3609 et
613 3559 682 3610 dona
700 3557 797 3625 ample,
817 3557 839 3609 si
859 3557 1017 3609 seditionem
1036 3556 1143 3606 mittens
1163 3554 1223 3622 regi

120 3636 232 3696 pacatus
258 3629 344 3678 lieret.
390 3628 439 3680 ille
465 3639 552 3680 autem
579 3629 648 3681 nihil
666 3630 796 3683 dictorum
820 3629 968 3696 respiciens
993 3627 1044 3678 iter
1073 3627 1106 3678 ad
1132 3624 1224 3678 urbem

120 3700 267 3753 studiosius
295 3702 389 3752 tenuit.
438 3700 552 3752 trahebat
576 3702 645 3752 enim
672 3717 747 3754 suum
773 3702 925 3769 captivum,
954 3714 1032 3767 quem
1055 3699 1083 3749 in
1103 3697 1224 3752 Caesaris

120 3772 187 3840 fuga
205 3778 346 3838 praeterea
363 3781 481 3838 ceperat,
502 3772 632 3824 Basiliam
651 3773 753 3826 bestam
771 3771 906 3837 dialcsen,
927 3787 960 3823 ex
978 3769 1117 3823 Persarum
1137 3769 1223 3835 capti.

120 3845 208 3896 vitate
233 3857 287 3894 non
312 3843 357 3894 diu
382 3859 538 3908 reversum,
562 3859 578 3894 a
603 3843 718 3898 caesare
743 3852 830 3896 autem
850 3842 994 3894 adhibitum
1023 3849 1049 3893 et
1068 3848 1224 3894 consuetum

122 3922 234 3983 propter
252 3913 371 3966 nobilem
395 3917 452 3966 eius
481 3917 671 3984 cogitationem
701 3925 727 3968 et
744 3915 960 3983 intelligentiam.
999 3913 1045 3966 sed
1066 3913 1130 3964 licet
1148 3910 1222 3963 bello

121 3995 228 4052 ceptum
246 3985 317 4037 huuc
335 3986 461 4039 Ruselius
485 3988 645 4055 accepisset,
670 3995 758 4038 tamen
778 3989 879 4038 honore
899 3989 1010 4038 maximo
1031 3999 1089 4036 eum
1108 3983 1224 4036 habebat

123 4065 151 4110 et
169 4065 198 4109 ut
219 4066 356 4110 strenuum
375 4060 459 4111 vinum
478 4059 772 4127 prudentissimumque,
792 4059 837 4127 qui
856 4059 934 4109 etiam
952 4058 1088 4124 specimen
1106 4056 1225 4109 dedisset

122 4127 259 4198 prioribus
277 4131 509 4199 expeditionibus,
537 4132 598 4184 ioco
618 4131 832 4184 consiliariorum
862 4128 1073 4197 componebat,
1093 4129 1152 4182 sive
1170 4139 1222 4194 po-

121 4200 177 4256 tina
196 4203 311 4256 omniun
330 4203 443 4271 primum
456 4201 570 4257 habebat
582 4212 610 4255 et
628 4204 749 4257 oratioue
770 4209 796 4257 et
809 4215 887 4255 manu
904 4199 952 4255 tali
971 4200 1029 4255 siro
1049 4200 1077 4253 iu
1097 4197 1223 4279 civilibus
