2967 4825
543 335 750 407 lllswltld.
953 393 965 403 .
1138 337 1210 419 ode

111 528 178 590 ρων
199 508 257 571 καί
274 497 379 589 όρκων
399 508 635 590 συστήσασθαι.
693 507 745 577 δ’τε
767 516 803 579 δὲ
829 514 865 580 τό
885 512 975 602 ἔργον
992 522 1050 604 τής
1067 542 1213 603 συνωμο-

110 614 185 684 σιάς
204 605 381 693 ἐπλήρωσε,
401 607 458 674 καί
478 612 524 685 εἰς
545 610 580 675 τό
604 606 717 698 αύριον
738 616 953 700 ἀναγορεῦσαι
970 619 1024 684 τόν
1038 625 1213 705 Βρυέννιον

109 710 150 774 τά
170 710 235 774 τάν
252 714 483 793 συναραμένων
503 713 587 801 αύτή
611 714 818 798 διεσκέιγαντο
830 768 839 799 ,
872 712 917 795 εἷς
938 719 1056 786 τούτων
1074 721 1212 807 χάριτας
1233 708 1236 713 ’

109 814 146 876 ἐκ
166 812 263 875 τινοόν
284 814 549 896 προηγησαμὲνων
576 818 724 900 χρησταῖν
747 818 917 903 ’ὁμολογεῖν
947 818 1030 904 ἔχων
1051 845 1108 904 μοι
1128 846 1211 907 προ-

79 914 228 995 setino
261 910 345 995 υἷωρί
377 914 441 975 τῶν
468 917 601 995 νυκτῶν,
633 920 687 981 καί
717 917 776 1003 τήν
795 922 967 1006 ἐπιβουλήν
996 923 1208 1009 ύπεσήμανεν.

108 1010 207 1088 αύτός
238 1013 275 1076 δὲ
305 1011 405 1077 πολλοὶ
425 1014 642 1102 δυσχεράνας,
673 1017 727 1082 καί
756 1018 855 1085 πολύν
887 1021 1069 1106 ὀνειδισμὸν
1090 1022 1209 1089 τούτων

106 1116 165 1178 καί
190 1115 338 1197 μυκτῆρα
376 1117 609 1198 καταχεάμενος
640 1114 683 1195 αἷς
711 1123 974 1204 καταπροδόντων
1000 1123 1057 1209 τήν
1086 1118 1210 1189 ἑαυτῶν

106 1219 268 1302 σωτηρίαν
299 1218 355 1280 καί
381 1215 417 1281 τό
444 1220 501 1301 τής
533 1220 669 1297 πίστεως
699 1220 873 1305 σύμβολον,
905 1223 1125 1308 α’νυπονοήτως
1150 1228 1211 1307 μὲν

104 1308 207 1381 adzo
221 1320 275 1382 καί
294 1325 362 1399 μετ’
376 1318 547 1401 ἐπιεικείας
561 1318 810 1408 άπεπεμψάμην,
832 1327 1064 1409 μελετήσαςκδὲ
1085 1350 1211 1411 παραυ.

51 1416 94 1482 ’10
104 1424 178 1483 τίκα
210 1418 268 1504 τήν
289 1420 382 1485 πόλιν
401 1418 519 1507 ταύτην
539 1428 593 1487 καί
612 1421 669 1507 τήν
690 1424 862 1509 ἐπιβουλήν
892 1432 1049 1514 ἐκφυγεῖν,
1072 1424 1209 1513 ὥρμησα

101 1526 174 1604 με’ν,
200 1520 242 1597 ὦς
264 1516 349 1605 εἶχον
370 1522 509 1608 ἡμιόνων
533 1530 594 1591 καί
608 1526 712 1592 ἵππων
734 1527 790 1593 καί
808 1529 985 1615 ἀνθρώπων
1000 1527 1055 1594 καί
1075 1533 1129 1613 τής
1153 1522 1208 1593 dt.

102 1630 160 1708 λης
182 1628 400 1711 παρασκευῆς,
423 1626 457 1687 ύκ
477 1628 597 1713 ταύτης
625 1629 842 1715 άποφοιτήααι
869 1633 1051 1705 σπουδαίως
1070 1629 1149 1694 κατά
1170 1630 1206 1694 τό

102 1724 258 1810 λεληθός,
287 1728 326 1789 ού
343 1726 408 1812 μήν
435 1727 600 1815 ἠδυνήθην
630 1729 683 1794 διά
707 1728 740 1796 τό
766 1734 1132 1817 προκατασφαλισθήναι
1149 1730 1209 1807 τάς

100 1826 210 1898 πύλας
237 1830 293 1910 τῆς
313 1824 435 1904 πόλεως
465 1837 597 1913 μοχλοῖς
630 1835 771 1917 σιδηροῖς
799 1833 854 1897 καί
880 1829 1020 1909 ὁπλίταις
1042 1830 1128 1917 παρά
1153 1836 1208 1916 τής

56 1946 89 1999 15
98 1930 162 1992 τού
183 1927 332 2014 Βατάτζη
356 1930 522 2011 γυναικός,
557 1929 596 2015 ήν
628 1929 644 1997 ὃ
669 1936 817 2016 α’νωτέρω
844 1931 935 2018 λόγος
956 1931 1125 2018 ἐδήλωσεν,
1147 1935 1235 2021 duci.
1250 1948 1340 2005 λλον.

99 2031 145 2093 δι’
169 2026 308 2093 ἀπειλῶν
339 2034 463 2095 πολλῶν
492 2031 547 2097 καί
568 2034 764 2118 μηνυμάτων
794 2036 984 2110 κατασείσας
1006 2032 1123 2119 αύτήν,
1156 2036 1206 2099 ότι

98 2128 185 2213 πρός
203 2129 339 2212 πόλεμον
373 2134 453 2221 αύτῇ
471 2134 733 2220 συρραγήσομαι,
766 2139 823 2219 τῆς
842 2134 964 2221 ἡμέρας
994 2135 1206 2221 ε’πιφοιτιόσης

96 2228 334 2317 συνεχωρήθην
359 2233 417 2317 τήν
450 2232 578 2318 ἔξοδον,
609 2234 645 2301 τό
669 2231 792 2324 άδηλον
824 2239 1019 2325 φοβηθείσης
1039 2234 1118 2317 μετά
1142 2239 1205 2302 τῶν

96 2331 220 2418 ταύτης
242 2330 340 2399 υἲέων
369 2340 426 2421 τῆς
454 2338 514 2399 τού
534 2340 676 2420 πολέμου
699 2339 866 2421 ἐκβάσεως.
921 2342 1053 2425 ἐξῆλθον
1078 2328 1134 2401 ούν
1153 2340 1203 2403 ε’κ-

50 2439 203 2514 botteler,
231 2440 288 2500 καί
314 2440 370 2523 τής
403 2441 448 2514 τίς
471 2439 528 2524 τήν
553 2441 705 2523 βασιλίδα
729 2441 889 2527 φερούσης
912 2428 1078 2522 άιγάμενος
1099 2438 1203 2506 πάντα

94 2535 138 2603 τά
169 2535 348 2622 ἔμπροσθεν
377 2529 471 2623 εὗρον
493 2542 628 2627 γαλήνης
655 2548 774 2624 μεστά,
799 2545 854 2606 καί
873 2540 949 2617 τούς
969 2544 1028 2607 τού
1048 2541 1204 2624 βασιλέως

94 2638 296 2720 στρατιώτας
323 2641 606 2724 διεσκεδασμένους
633 2647 678 2718 εἰς
707 2625 967 2729 παραχειμασίαν
1000 2649 1070 2719 ταῖς
1092 2631 1203 2716 άλλαις

95 2739 213 2806 πόλεσι
234 2742 289 2805 καί
321 2744 444 2827 μηδένα
471 2743 623 2826 κυδοιμόν
643 2742 887 2819 ύποπτεύοντας.
941 2745 1124 2819 σπουδαίως
1146 2732 1204 2806 ούν

98 3058 128 3102 et
149 3049 359 3101 coniurationem
388 3050 503 3117 propriis
531 3050 770 3118 subscriptionibus
791 3059 818 3102 et
844 3049 1065 3104 iuribusinrandis
1088 3051 1203 3102 coniun.

96 3129 214 3190 gerent:
234 3121 338 3189 quando
358 3129 445 3173 autem
467 3137 533 3190 opus
544 3123 735 3174 coniurationis
754 3122 878 3190 implevit
896 3131 923 3173 et
934 3124 979 3191 qui
999 3121 1032 3173 ab
1052 3123 1109 3174 eius
1128 3130 1205 3187 parte

96 3193 207 3246 stabunt
234 3194 262 3242 in
287 3200 422 3260 posterum
450 3195 518 3245 diem
536 3195 689 3245 renuntiare
717 3187 881 3260 Bryennium
899 3201 1063 3257 statuerunt,
1083 3208 1150 3244 unns
1170 3209 1204 3244 ex

97 3267 156 3330 bis,
176 3266 220 3333 qui
239 3267 338 3334 gratias
356 3281 405 3332 pro
424 3265 578 3334 quibusdam
597 3267 730 3334 prioribus
750 3267 852 3317 meritis
874 3265 974 3317 habere
996 3265 1059 3315 mihi
1079 3263 1202 3329 debebat,

97 3338 179 3390 venit
198 3337 229 3388 ad
254 3353 296 3387 me
325 3338 485 3404 intempesta
512 3347 592 3389 noete
618 3347 644 3388 et
669 3337 810 3389 consilium
837 3336 1024 3421 significabat,
1044 3338 1102 3404 ipse
1123 3335 1220 3406 valde¹

96 3400 244 3478 indignans
270 3418 298 3460 et
320 3409 403 3460 multa
431 3409 574 3476 opprobria
604 3412 631 3461 in
651 3409 699 3461 hos
726 3417 753 3460 et
776 3409 978 3476 despicientiam
1004 3410 1108 3464 iaciens
1127 3409 1203 3459 utin

96 3482 247 3550 prodentes
265 3481 378 3533 salutem
396 3497 469 3534 snam
489 3489 515 3533 et
534 3482 594 3533 fidei
614 3490 732 3548 pactum:
758 3481 816 3534 sine
845 3483 998 3549 suspicione
1018 3496 1077 3531 eum
1099 3488 1125 3530 et
1144 3478 1203 3530 cle.

96 3561 205 3604 menter
224 3553 326 3616 dimisi;
346 3555 487 3606 meditatus
501 3561 589 3605 autern
608 3555 695 3605 statim
707 3553 798 3604 urbem
811 3552 879 3604 haue
900 3563 926 3605 et
943 3553 1052 3606 insidias
1073 3549 1202 3620 effugere,

12 3653 23 3662 -
97 3624 240 3693 proiectus
259 3640 316 3676 sum
334 3626 371 3675 ita
389 3633 418 3676 ut
440 3641 510 3676 erem
529 3641 587 3676 cum
606 3625 684 3677 mulis
705 3633 731 3676 et
751 3625 825 3693 equis
846 3633 872 3676 et
890 3625 1040 3677 hominibus
1060 3633 1087 3675 ct
1105 3625 1203 3674 ceteris

96 3696 314 3764 impedimentis,
340 3705 369 3748 ut
394 3712 428 3748 ex
452 3697 501 3748 hac
521 3699 641 3751 venirem
661 3697 780 3749 studiose
809 3697 884 3748 clam
929 3713 1016 3766 neque
1037 3710 1103 3748 vero
1122 3701 1204 3762 pote-

97 3783 167 3831 ram,
187 3769 249 3835 qnia
267 3768 423 3834 praeclusae
445 3775 520 3820 erant
537 3777 630 3836 portae
653 3768 728 3820 urbis
754 3769 874 3821 obicibus
901 3770 998 3822 ferreis
1021 3774 1047 3819 et
1065 3782 1113 3834 per
1129 3765 1204 3817 mili.

97 3851 143 3892 tes
162 3840 252 3907 gravis
272 3847 419 3892 armaturae
443 3840 580 3893 aBatutzi
605 3855 706 3903 onore,
735 3857 812 3908 quam
832 3843 955 3908 superior
978 3855 1065 3892 sermo
1085 3853 1203 3889 comme.

96 3912 233 3974 morarit,
253 3912 338 3963 donec
366 3912 444 3963 minis
469 3913 559 3965 multis
579 3922 606 3964 et
634 3911 859 3964 declarationibus
880 3913 1035 3963 concutiens
1055 3925 1121 3974 cem,
1145 3925 1204 3960 cum

98 3985 219 4036 dicerem
237 3999 279 4033 me
296 3983 397 4035 bellum
417 3999 476 4035 cum
496 4000 527 4035 ea
546 3992 729 4036 consertarum
749 3999 824 4046 esse,
844 3983 886 4034 die
906 3982 1084 4033 illucescente
1105 3982 1203 4032 exitum
1287 4039 1297 4050 .

98 4054 257 4121 impetrari:
276 4071 335 4106 cum
352 4057 483 4107 incertum
503 4071 535 4108 ea
552 4057 658 4107 timeret
677 4069 735 4105 eum
756 4053 819 4106 filiis
839 4053 906 4105 belli
934 4062 1067 4105 eventum.
1107 4067 1203 4120 egres-

98 4143 148 4180 sus
166 4127 249 4195 igitur
268 4143 324 4179 sum
345 4128 408 4179 inde
428 4135 455 4179 et
473 4129 543 4179 riam
566 4143 634 4197 quae
653 4127 685 4178 ad
703 4125 795 4177 urbem
822 4125 873 4176 fert
892 4133 986 4176 tenens
1007 4127 1095 4176 omniu
1113 4126 1203 4190 priora

98 4199 195 4250 inveni
221 4197 416 4266 tranquillitate
435 4198 531 4268 plena,
562 4208 589 4251 et
614 4200 687 4267 regis
712 4196 812 4250 milites
838 4197 972 4264 dispersos
991 4197 1018 4246 in
1040 4196 1152 4248 hiberna
1170 4195 1203 4260 ad

100 4269 170 4323 alias
188 4271 287 4336 urbes,
306 4285 395 4339 neque
413 4271 494 4323 ullum
514 4272 616 4324 turbam
637 4271 818 4338 suspicantem
844 4270 962 4323 studiose
983 4282 1048 4337 ergo
1066 4269 1202 4334 ingressus
