2967 4825
242 237 314 313 rac
540 235 759 343 arenariis
789 226 1048 323 anuceria

239 408 491 497 περιαρτοάμενοι
512 404 604 491 λόχοι
625 407 802 487 πολεμικῶν
821 402 1051 487 ἀγωνισμάτων
1071 398 1176 482 ἐκτός,
1198 404 1252 465 καί
1269 398 1351 485 τρόιι

242 540 300 597 πον
322 510 391 578 τινά
416 514 472 633 τής
493 507 665 593 ἐναγωνίου
689 505 797 593 μάχης
821 506 1060 589 ἐπιλελησμένοι
1082 503 1136 569 καί
1153 505 1351 586 συμπλοκῆς.

345 612 452 677 Καί
436 614 533 693 ομὲν
557 611 784 695 Τραχανιάτης
806 608 881 683 τοῦς
914 608 1116 684 ἐπιλέκτους,
1139 606 1181 681 οἱς
1203 606 1354 689 προδιεί-

105 730 194 787 t197
205 748 233 787 τ.
244 724 368 802 ληπται,
389 710 670 797 προσλαβόμενος,
696 703 779 794 άρας
801 694 922 775 ἐκεῖθεν
954 712 1010 807 τῆς
1033 709 1087 772 ἐπί
1107 704 1143 771 τὸ
1166 708 1281 771 Χλίατ
1291 731 1355 792 ‹pe-
1406 743 1417 749 ,

245 816 361 902 ροῦσης
382 809 512 897 ήπτετο,
534 810 793 895 παροβοηθήσιον
813 816 877 886 τοῖς
907 798 1177 891 προαποσταλεῖσι
1207 804 1387 885 §saltam

193 965 200 975 -
245 944 296 983 και
292 913 471 999 Φράγγοις
496 909 682 998 (ἀπήγγελτο
702 909 764 997 γάρ
787 908 865 995 μετά
887 908 1029 994 πλήθους
1048 909 1250 1027 μυριάνδρου
1273 906 1355 982 τοῦς

245 1022 404 1092 ἐναντίους
434 1017 543 1089 αῦτοῖς
573 1010 829 1100 ἐπιφέρεσθαι),
858 1016 914 1076 καί
943 1004 1010 1092 ἅμα
1034 1008 1241 1133 συντηρήσειν
1264 1009 1357 1084 ἐκτὸς

245 1122 303 1183 τοῦ
322 1110 432 1191 άστεος
446 1115 522 1189 τοῦς
539 1113 690 1197 καρποῦς,
713 1112 822 1200 ἵναμή
849 1110 1112 1197 διοιρίιαγὲντεςι
1093 1107 1155 1174 νπδ
1178 1113 1240 1175 τάν
1261 1109 1356 1175 ἔνδον

247 1219 427 1302 χλιατηνῦν
450 1219 505 1281 καί
524 1220 792 1299 συγκομισθέντες
812 1213 927 1279 σπάνιν
949 1212 1141 1301 παράσχωσι
1162 1213 1206 1298 τηῦ
1228 1212 1357 1297 στρατῷ
1478 1300 1479 1305 ¹

247 1321 463 1401 μεταθεμένου
484 1319 542 1382 τοῦ
560 1320 717 1399 βασιλέως
738 1321 840 1383 ἐκεῖσε
861 1319 916 1380 καί
934 1314 1132 1397 χρονίζοντος
1153 1312 1205 1377 tut
1219 1320 1358 1395 πολιορ-
1371 1338 1412 1393 10
1478 1310 1479 1377 l

208 1455 213 1462 ¹
248 1426 301 1509 κίηι
321 1423 380 1484 τοῦ
401 1412 532 1500 άστεος,
556 1420 611 1482 καί
631 1422 764 1494 διπλοῦς
786 1416 908 1491 τούτοις
929 1416 945 1478 5
968 1412 1104 1495 πόλεμος
1126 1420 1290 1497 περιρρεῖ,
1316 1414 1355 1477 τά

247 1522 306 1600 μὲν
328 1520 363 1584 ἐκ
376 1523 439 1583 τάν
460 1522 608 1583 ἐναντίων
627 1516 661 1583 τά
684 1520 718 1583 δὲ
738 1516 800 1582 άπά
825 1518 883 1581 τοῦ
906 1519 1011 1596 λιμοῦ.
1055 1516 1147 1579 τοῦτο
1168 1512 1228 1599 γάρ
1249 1512 1265 1575 5
1289 1518 1360 1595 βα-

248 1618 356 1694 σιλεῦς
375 1618 590 1702 διασκοπήσας
620 1617 673 1682 etv
693 1614 827 1703 στρατὸν
859 1613 1055 1701 διεχώρισεν,
1074 1612 1210 1694 ε’λπίζιον
1231 1615 1361 1695 ταχέως

249 1719 284 1785 τά
310 1714 585 1817 Μαντζικιέρτ,“
561 1743 643 1844 οπερ
668 1725 725 1785 καί
746 1720 862 1803 γέγονε,
884 1717 1164 1802 παραστήσασθαι,
1187 1718 1227 1780 δι’
1247 1714 1359 1798 άλίγον
1478 1786 1479 1791 ¹

250 1824 285 1885 δὲ
295 1844 502 1943 κατάστησαι
533 1819 572 1885 τά
594 1818 641 1884 ἐπ’
665 1822 762 1908 αῦτη),
786 1819 841 1886 καί
860 1814 962 1894 οῦτως
994 1826 1059 1893 τοῖς
1089 1820 1200 1893 οἰκείας
1225 1824 1359 1881 παλινο-
1345 1842 1416 1896 -15

252 1921 390 2005 στήσαι,
414 1920 445 1984 εἰ
465 1922 501 1985 δέ
524 1946 572 1997 τις
592 1948 645 1987 και
642 1884 803 2002 πάλάμος
834 1920 942 1995 αῦτοῖς
958 1917 1041 1999 52’
1020 1914 1201 2002 απροάπτου
1223 1942 1360 1983 συνεπι-

251 2024 319 2108 στῇ,
341 2018 393 2083 διά
416 2020 630 2105 ταχυδρόμων
650 2026 929 2102 μετακαλὲοασθαι
962 2018 1037 2095 τοῦς
1060 2018 1204 2096 οἰκείους,
1227 2016 1361 2106 μεγάλην

205 2133 207 2136 ’
252 2119 442 2204 διαστήματι
463 2117 508 2206 μή
525 2124 714 2205 άπίχουτας.
760 2124 965 2203 άπεκομίζετο
987 2119 1049 2205 γάρ
1073 2121 1161 2207 αῦτῴ
1182 2120 1268 2203 παρά
1291 2122 1361 2182 τοῦν

252 2225 376 2288 σκοπῶν
408 2220 488 2307 πρὸς
516 2223 573 2308 τήν
597 2226 748 2303 Περσίδα
777 2222 833 2288 τὸν
856 2220 1028 2288 σουλτάνον
1062 2220 1257 2305 ἐπείγεσθαι.
1302 2221 1364 2284 καί

252 2323 333 2387 κατά
355 2327 466 2389 τοῦτον
486 2321 540 2389 τάν
562 2326 692 2408 λόγον
673 2353 691 2410 η
710 2327 869 2409 διαίρεσις
892 2318 981 2413 αῦτρῖ
1001 2327 1058 2407 τοῦ
1072 2326 1210 2407 στρατοῦ
1225 2320 1281 2386 καί
1299 2344 1362 2384 ουκ
1371 2348 1419 2401 20
1478 2356 1479 2403 l

253 2419 363 2509 άλογος
385 2431 502 2510 γε’γονε,
524 2431 581 2492 καί
598 2451 632 2509 γε
653 2419 691 2512 ἦν
712 2429 771 2492 οῦκ
801 2425 862 2491 άπὸ
884 2390 1038 2510 λογιάμοῦ
1068 2425 1278 2510 στρατηγικοῦ
1303 2425 1362 2487 tv·
1478 2413 1479 2434 ³

252 2529 366 2611 νόημα,
387 2529 418 2592 εἰ
435 2526 481 2612 μή
504 2532 693 2654 πεπρωμένη
717 2553 773 2610 τις,
794 2532 915 2609 μάλλον
938 2529 973 2592 δὲ
991 2534 1077 2602 θεῖος
1098 2523 1188 2609 λόγος
1210 2523 1362 2624 ἀπόρρη-

253 2652 323 2714 τος,
347 2625 404 2713 τήν
427 2627 556 2711 ἔκβασιν
579 2633 624 2706 εις
644 2628 679 2694 τό
703 2633 847 2695 ἐναντίον
862 2627 1020 2714 ἐπέστησε,
1040 2631 1096 2694 καί
1113 2624 1190 2714 πρὸς
1210 2651 1252 2716 την
1239 2617 1362 2690 τίλει

250 2810 252 2816 ’
327 2800 368 2850 11.
387 2798 543 2874 περιρρέηλ
650 2802 693 2854 22.
713 2799 983 2874 λόγοςῆλόγοςῦ.
1102 2800 1147 2854 23
1165 2797 1365 2872 περιέστησεῖ

255 2948 356 3001 bellica
376 2948 535 3012 certamina,
568 2956 595 3000 et
613 2949 805 3017 quodammodo
830 2965 936 3028 pugnae
963 2949 1114 3002 certaminis
1140 2947 1217 2998 obliti
1237 2953 1263 2997 et
1283 2961 1363 2996 corn.

255 3021 360 3088 plexus.

354 3090 445 3158 Atque
466 3090 656 3144 Tracbanintes
678 3093 784 3159 quidem
805 3093 945 3158 delectos,
970 3100 999 3144 ut
1025 3101 1103 3144 antea
1122 3093 1219 3143 dicturn
1240 3098 1289 3154 est,
1310 3105 1363 3142 ac-

256 3164 369 3231 cipiens,
390 3170 416 3213 et
434 3163 645 3229 indeprofectus
665 3166 735 3216 viam
755 3167 787 3218 ad
802 3164 891 3218 Chliat
910 3165 1039 3216 ferentem
1058 3165 1157 3230 tenuit,
1173 3160 1274 3214 auxilio
1287 3177 1363 3213 ven.

256 3245 332 3286 turus
351 3242 430 3285 antea
449 3235 537 3286 missis
557 3235 664 3301 Scythis
685 3245 711 3287 ct
730 3236 1031 3304 Francis:(nuntiatum
1052 3237 1121 3286 enim
1141 3242 1198 3286 crat
1218 3249 1275 3284 curn
1286 3233 1362 3284 mul.

256 3306 368 3359 titudine
383 3307 571 3358 innumerabili
583 3307 673 3359 hostes
693 3309 726 3358 iis
747 3309 852 3360 obviam
870 3309 924 3375 ire)
947 3314 973 3357 et
986 3305 1063 3357 simul
1082 3314 1287 3359 conservaturus
1309 3321 1364 3356 ex-

220 3400 243 3420 *
256 3388 297 3429 tra
315 3377 407 3428 urbem
427 3377 528 3444 fruges,
548 3395 599 3428 nec
611 3379 731 3445 direptae
752 3381 873 3431 abintus
893 3377 1061 3431 versantibus
1074 3377 1222 3432 Chliatenis
1245 3385 1270 3428 et
1290 3391 1363 3427 con.
1438 3399 1441 3408 ν

256 3457 350 3518 gestae
369 3449 486 3515 inopiam
507 3451 655 3500 excitarent
669 3453 808 3502 exercitui.
847 3459 1014 3520 transgresso
1034 3465 1100 3518 rege
1119 3449 1185 3501 illuc
1207 3456 1233 3501 et
1252 3456 1363 3500 versato

255 3523 289 3571 ad
307 3518 509 3586 oppugnandam
528 3521 620 3571 urbem
640 3521 686 3572 vel
707 3522 807 3589 duplex
826 3520 866 3572 his
886 3521 986 3573 bellum
1004 3521 1129 3584 adduxit,
1160 3529 1187 3571 et
1213 3536 1247 3572 ex
1271 3520 1363 3572 hosti-

256 3593 305 3644 bus
326 3599 352 3640 et
371 3591 404 3640 e'x
424 3591 502 3641 lame
540 3590 592 3642 hoc
613 3592 682 3642 eninr
701 3609 749 3642 rex
772 3592 879 3645 studens
907 3595 1052 3649 exercitum
1077 3594 1184 3656 divisit,
1216 3609 1275 3644 cum
1295 3608 1363 3659 spe-

197 3670 199 3675 ’
257 3671 329 3714 raret
348 3660 414 3712 fore
425 3670 454 3711 ut
474 3661 600 3712 celeriter
624 3664 839 3728 blantzilricrtum
866 3665 1026 3728 subiiceret‚
1052 3665 1078 3715 id
1104 3666 1175 3732 quod
1202 3681 1299 3716 revera
1320 3672 1364 3714 est

258 3736 366 3817 lactum,
386 3732 463 3782 brevi
484 3741 571 3783 autern
592 3743 765 3801 componeret
776 3737 833 3787 eius
853 3753 896 3788 res
918 3745 944 3788 et
963 3736 1015 3788 hnc
1029 3737 1106 3787 modo
1127 3737 1230 3797 domurn
1249 3736 1363 3798 rediret,

258 3806 376 3857 sinvero
397 3804 475 3853 etiarn
493 3802 620 3854 bellurn
613 3809 679 3872 ipsis
698 3824 731 3858 ex
750 3808 897 3873 impreviso
917 3810 1036 3870 instaret,
1057 3816 1085 3859 ut
1104 3824 1152 3874 per
1170 3809 1276 3859 celeres
1288 3822 1363 3858 nun.

258 3878 311 3926 ties
330 3875 462 3926 advocare
480 3885 572 3942 posset
590 3892 652 3929 suos
672 3880 716 3946 qui
735 3879 806 3930 haud
824 3895 919 3948 magno
939 3846 1064 3931 abess5nt
1083 3881 1178 3946 spatio.
1216 3877 1363 3930 nuntiaba-

259 3957 301 3997 tur
322 3948 390 3998 enirn
410 3947 435 3997 ei
454 3963 470 3999 a
486 3947 652 4016 custodibus,
672 3951 705 4002 ad
722 3951 857 4002 Persidem
875 3951 1010 4008 sultanum
1032 3952 1211 4004 contendere.
1230 3959 1310 4018 atque
1327 3967 1363 4000 cx

259 4020 309 4068 liae
328 4020 431 4070 ratione
450 4021 548 4072 divisio
569 4023 702 4075 exercitus
721 4023 755 4074 ab
778 4037 821 4087 eo,
840 4039 891 4074 nec
910 4025 968 4074 sine
989 4039 1068 4074 causa
1088 4024 1157 4074 facta
1178 4033 1243 4086 erat,
1271 4037 1364 4088 neque

261 4096 318 4141 erat
336 4091 457 4158 prolecto
478 4091 624 4145 abhorrens
644 4093 677 4145 ab
696 4104 753 4147 arte
773 4095 944 4162 imperatoria
963 4096 1104 4148 consilium
1123 4097 1176 4148 nisi
1195 4109 1253 4149 sors
1274 4109 1363 4162 quae.

256 4163 319 4214 'dam
336 4163 395 4215 sive
412 4164 500 4230 potius
519 4164 627 4215 divinae
653 4166 766 4220 insidiae
795 4166 840 4219 vel
871 4168 937 4219 ratic
964 4175 1068 4220 secreta
1096 4177 1221 4221 eventurn
1250 4173 1363 4220 econtra
