2967 4825
262 207 333 308 tet
554 234 774 309 ιιιεειλετιε
804 236 1066 310 amatione
1161 196 1164 199 ’

259 411 295 477 ἐτι
315 412 377 477 τῶν
397 411 521 496 πληγῶν
551 407 681 486 όδόναις
714 410 968 489 ἐπιστενόζοντες
1001 403 1090 496 η’σαν.
1144 411 1361 494 α’ναγκασθείς

260 513 290 576 δ’
315 509 503 595 όβασιλεός
522 508 636 595 ἐξῆλθε
666 508 746 595 μετό
768 514 826 577 aad
855 515 968 576 λοιποῦ
991 510 1133 596 πλήθους
1153 514 1198 589 εἰς
1217 510 1275 595 τῆν
1295 514 1361 574 τῶν

258 614 482 697 πραττομένων
496 616 589 690 θέον,
609 616 665 677 καί
685 612 767 679 ιόστε
789 612 878 689 εἴτις
903 614 990 700 αὐτῷ
1004 616 1088 680 ἐπιόι
1103 616 1248 695 πόλεμος,
1270 616 1360 696 α’γοο-

259 712 421 779 νίσασθαι.
476 718 575 798 μέχρι
603 717 633 778 δ’
651 712 788 798 ἑσπέρας
818 719 872 782 ἐπί
901 720 994 780 τινοῖν
1016 714 1123 801 λόφων
1146 710 1247 790 ἑστός
1268 714 1360 799 όψη-

217 863 221 867 .
258 814 340 895 λων,
361 816 490 898 ἐπείπερ
513 814 571 879 σόει
594 810 659 883 εἶδέ
680 840 751 880 τινα
773 814 828 882 τόν
848 815 1194 901 α’ντιιιαταστησόμενσν
1224 814 1272 901 (οἱ
1295 812 1387 898 γόρ5
1474 851 1479 870 ι

262 919 395 999 Τοῦρκοι
416 919 549 1005 πανηρίρ
578 919 638 981 καί
663 918 786 1007 ἐπινοίᾳ
805 918 968 1006 βαθυτάτῃ
995 920 1152 998 συζῶντες
1171 914 1233 981 διό·
1249 940 1361 1001 μηχα-
1479 912 1480 919 ¹

259 1020 322 1083 νῶν
342 1013 379 1081 τό
393 1018 456 1081 τεόν
471 1020 667 1101 κατορθοῦσι
686 1018 741 1082 καί
762 1023 922 1083 συστολῶν
943 1018 1254 1105 α’πηγκωνισμένων),
1278 1012 1360 1081 όπέ-

259 1132 398 1201 στρεψρν
427 1118 473 1194 είς
500 1115 557 1201 τῆν
573 1116 803 1203 παρεμβολήν,
828 1111 908 1201 ’όρτι
944 1121 1001 1183 τοῦ
1022 1119 1113 1203 ἡλίου
1141 1116 1176 1183 τό
1200 1118 1281 1201 ὑπὲρ
1302 1120 1361 1200 γῆν

257 1218 470 1302 ἡμισφαίριον
492 1219 722 1293 ἀπολείποντος.
767 1217 795 1283 οἱ
818 1221 852 1283 δέ
874 1222 1010 1304 Τοόρκοι
1033 1215 1139 1301 ὥσπερ
1162 1215 1223 1283 end
1250 1242 1362 1301 μηχα-

259 1324 315 1407 νῆς
335 1317 466 1384 κατόπιν
496 1323 722 1404 περιχυθέντες
751 1329 815 1396 τοῖς
846 1317 931 1395 ἐκτός
959 1326 1014 1404 τῆς
1045 1321 1248 1401 παρεμβολῆς
1273 1314 1407 1384 End-10

258 1424 334 1495 θαις
358 1422 412 1485 καί
432 1429 498 1496 τοϊς
523 1425 667 1487 πωλοῦσι
688 1419 726 1486 τό
751 1413 831 1486 αόνια
862 1422 1023 1508 ῥαγδαίως
1042 1424 1252 1502 προσέβαλον,
1273 1420 1360 1483 dla-

259 1529 331 1596 κοῖς
353 1518 490 1605 α’σῆμοις
523 1522 579 1587 καί
599 1515 689 1600 τόξου
711 1528 821 1606 βολαῖς
850 1526 905 1589 καί
925 1520 1166 1604 περιιππεόσεσι
1196 1518 1294 1606 φόνον
1319 1512 1361 1581 οό

257 1620 373 1707 μικρόν
396 1626 450 1688 κάτ’
471 1627 615 1688 κίνδυνον
636 1623 741 1700 αότοϊς
764 1627 984 1710 ἐπιφέροντες·
1040 1620 1114 1688 ὅθεν
1141 1620 1196 1686 καί
1224 1617 1361 1707 ῆνοιγκό-

259 1727 385 1808 σθησαν
406 1723 435 1789 οἱ
456 1722 511 1810 τῆν
530 1722 646 1811 ἔφοδον
661 1722 874 1811 όφιστόμενοι
895 1726 984 1802 ἐντός
1006 1726 1155 1809 γενέσθαι
1177 1722 1364 1808 τοόγάρα-

121 1817 140 1871 f·
160 1817 212 1892 199
226 1833 321 1900 ιὐτος.
366 1825 482 1911 α’θρόοι
511 1831 627 1892 τοίνυνχ
649 1822 742 1902 ἄλλος
778 1832 848 1893 κατ’
872 1820 966 1892 όλλον
995 1821 1036 1903 de
1058 1822 1120 1891 α’πό
1143 1827 1284 1909 διωγμοῦ
1304 1820 1363 1907 τῆν
1374 1837 1409 1889 15

259 1922 382 1991 εἴσοδον
402 1924 596 2009 βιαζόμενοι,
618 1928 756 2011 μεγόλης
777 1932 920 2014 ταραχῆς
952 1925 1028 2003 τοός
1049 1923 1140 1990 ἔνδον
1160 1928 1362 2010 ἐπλήρωσαν,

264 2028 431 2108 οἰομένους
461 2028 518 2092 ειαί
548 2028 622 2104 τοός
642 2034 802 2104 ἐναντίους
821 2036 1057 2109 συνεισπεσεῖν,
1080 2032 1135 2092 κατ’
1154 2030 1261 2092 πᾶσαν
1281 2024 1365 2107 όμοό

261 2129 540 2216 τῆνζπαρεμβολῆν
555 2128 635 2213 μετὰ
654 2133 709 2216 τῆς
730 2125 804 2216 όλης
825 2130 1002 2213 ἀποσκευῆς
1015 2131 1165 2214 γενέσθαι
1187 2125 1362 2210 όλοόσιμδν.

263 2225 401 2313 νόξγόρ
426 2229 577 2315 όσέληνος
599 2224 653 2320 ἦν,
683 2232 739 2297 καί
770 2228 929 2315 διάκρισις
949 2232 1005 2295 ουίι
1034 2223 1073 2314 ἦν
1095 2233 1158 2293 τῶν
1179 2226 1363 2314 φευγόντων

259 2325 365 2417 ῆτοόν
387 2332 589 2417 διωκόντων,
616 2334 679 2419 ζειαί
699 2335 781 2408 τίνες
803 2333 859 2418 τῆς
882 2333 1033 2409 ἐναντίας·
1058 2331 1174 2417 μοίρας
1194 2332 1279 2395 εἰσί·
1323 2326 1360 2394 τό
1371 2343 1408 2397 20

260 2433 322 2516 γὰρ
347 2439 410 2499 τῶν
428 2437 564 2500 ’Σκυθῶν
592 2437 853 2523 μισθοφορικόν,
886 2438 1024 2520 ἐμφερὲς
1061 2435 1139 2499 nard
1174 2435 1275 2498 πόντα
1296 2441 1371 2508 τοῖς,

266 2531 416 2619 Τοόριιοις
439 2527 485 2619 όν,
509 2539 690 2623 α’μφίβολον
713 2537 812 2603 ἐποίει
840 2538 876 2603 τὸ
899 2539 956 2602 νόν
977 2539 1182 2619 ἐπικείμενον.
1211 2533 1298 2600 ιτότε
1321 2531 1360 2617 dr}

261 2633 329 2701 τότε
350 2635 404 2702 καί
425 2635 524 2724 φόβος
546 2636 684 2716 ἐξαίσιος
704 2638 759 2704 καί
783 2636 872 2723 λόγος
894 2639 1043 2714 α’παίσιος
1074 2640 1129 2703 καί
1153 2635 1212 2720 βοῆ
1236 2659 1362 2721 συμμη-

265 2949 310 2989 τοε
335 2941 376 2988 est
396 2949 454 2988 curn
471 2935 577 3006 reliqna
594 2935 765 2990 multitudiue
783 2936 815 2988 ad
841 2949 1018 3005 eorumquae
1046 2935 1143 2988 fierent
1161 2934 1314 3000 adspectum
1335 2939 1363 2984 et

264 3015 388 3076 tanquam
406 3007 506 3061 bellum
524 3009 669 3079 gerendum
688 3009 738 3060 sibi
757 3010 890 3061 instaret:·
903 3025 961 3060 cum
980 3022 1046 3060 vere
1065 3007 1098 3058 ad
1116 3020 1259 3073 vesperum
1277 3019 1364 3072 nsque

264 3079 379 3132 collibus
399 3080 553 3150 quibusdum
571 3082 713 3133 insedisset
735 3080 813 3146 altis,
832 3082 1018 3149 neminemque
1039 3080 1084 3147 qui
1111 3079 1196 3145 ipsum
1215 3091 1364 3144 aggressu-

262 3167 307 3204 rus
328 3160 401 3206 esset
418 3156 603 3222 conspexisset
621 3153 736 3223 (Turcue
756 3155 826 3204 enim
841 3153 1009 3219 improbitate
1029 3159 1055 3202 et
1073 3149 1134 3202 dolo
1155 3165 1231 3217 quam
1250 3149 1364 3199 maxime

261 3222 354 3276 imbuti
372 3225 484 3277 insidiis·
495 3227 583 3277 emnia
601 3234 684 3294 agunt
701 3226 899 3293 audacibusque
913 3224 1026 3292 artibus)
1047 3224 1073 3282 in
1093 3230 1178 3273 castra
1195 3220 1284 3282 rediit,
1304 3218 1365 3271 sule

260 3297 313 3346 iam
336 3305 455 3348 nestrum
485 3306 572 3350 terrae
591 3298 734 3361 ‚dimidium
766 3297 946 3364 relinquente.
979 3295 1096 3346 ‘Taureae
1121 3301 1209 3344 antem
1239 3299 1365 3358 tanquam

261 3382 310 3437 per
328 3368 437 3421 insidias
465 3384 480 3419 a
504 3379 580 3437 tergo
601 3369 754 3420 circumfusi
777 3369 842 3433 eus,
871 3370 916 3436 qui
938 3376 1011 3418 extra
1040 3373 1126 3418 castra
1146 3373 1229 3429 erant,
1249 3362 1364 3429 Scythas

263 3448 290 3492 et
308 3441 353 3508 qui
372 3455 475 3493 merces
494 3440 661 3504 vendebant,
689 3455 785 3508 magno
806 3457 865 3492 cum
890 3441 989 3506 impetu
1014 3440 1134 3507 aggressi
1162 3444 1232 3501 sunt,
1251 3435 1364 3486 incertis

263 3510 410 3563 ululatibus
430 3520 456 3562 et
475 3527 552 3563 arcus
576 3511 690 3563 iactibus
715 3521 741 3563 et
761 3513 835 3580 equis
856 3512 1028 3562 circumvecti
1054 3511 1161 3561 caedem
1180 3523 1234 3559 nun
1252 3521 1364 3574 parvam

264 3591 291 3635 et
310 3581 459 3649 periculam
478 3584 510 3634 iis
530 3584 687 3634 afferentes:
716 3584 884 3650 quamobrem
914 3584 992 3634 etiam
1017 3583 1103 3633 coacti
1124 3591 1194 3644 suut,
1213 3581 1259 3649 qui
1278 3578 1365 3644 pertis

186 3673 193 3678 ·
265 3655 416 3716 adstarent,
444 3654 513 3704 intra
532 3669 658 3722 aggerem
677 3655 774 3706 redire.
818 3657 907 3723 itaque
933 3654 979 3705 alii
999 3653 1066 3705 alios
1085 3660 1228 3722 sequentes
1247 3666 1306 3702 cum
1325 3651 1367 3700 sie

263 3732 294 3775 nt
320 3725 348 3773 in
372 3725 561 3789 persecutione
584 3726 612 3776 in
638 3735 738 3792 partam
764 3727 911 3790 irruerent,
941 3741 987 3778 eos
1012 3727 1057 3794 qui
1077 3728 1147 3777 intus
1176 3732 1251 3775 erant
1269 3735 1366 3790 magna

264 3795 442 3860 trepidatione
461 3795 614 3862 implerunt,
633 3799 732 3866 quippe
752 3800 796 3867 qui
827 3799 917 3850 hostes
936 3814 1041 3867 quoque
1061 3797 1139 3849 simul
1158 3796 1264 3865 ingredi
1284 3801 1366 3861 puta-

263 3873 324 3918 rent
346 3874 456 3934 tetaque
487 3876 573 3920 castra
600 3884 652 3920 una
677 3886 736 3921 cnm
764 3872 834 3921 amni
860 3879 987 3936 apparatu
1014 3870 1169 3937 expugnari.
1213 3883 1267 3918 nox
1294 3865 1366 3930 enim

264 3937 328 3989 lune
347 3939 469 4003 carebat,
500 3955 587 4007 neque
606 3940 688 3991 ullum
707 3950 764 3993 erat
788 3944 929 3994 discrimen
948 3943 1107 4011 fugientium
1133 3935 1366 4008 vel'pcrscquen-

263 4010 329 4060 tium
347 4013 499 4083 nequelqni
519 4011 551 4062 ab
570 4012 659 4065 alienu
677 4021 779 4065 starent
796 4022 881 4080 parte.
926 4014 1042 4080 Scythae
1073 4015 1142 4064 enim
1160 4013 1321 4065 mercenarii
1340 4018 1368 4060 et

265 4081 372 4144 omnine
391 4079 482 4135 Tuscis
500 4083 628 4136 simillimi
647 4087 791 4153 ancipitem
811 4095 864 4136 tum
887 4100 976 4138 rerum
996 4094 1091 4138 statum
1110 4085 1289 4138 reddiderunt.
1310 4092 1367 4134 tum

265 4167 332 4206 vero
351 4153 447 4222 ingens
474 4154 554 4208 timor
582 4164 609 4209 ct
631 4172 721 4209 rumor
743 4157 877 4210 infaustus
904 4165 930 4209 et
949 4156 1049 4209 clamor
1069 4156 1250 4218 turbulentus,
1265 4163 1292 4206 ct
1320 4161 1368 4206 tu-
