2967 4825
103 295 110 329 ³
564 295 774 367 soronii.
1144 290 1214 373 ldil

110 464 271 546 μίζαυσιν,
294 462 329 527 έν
347 462 390 548 τήν
408 453 466 528 τοῦ
478 466 743 547 χρυσοκρικλίναυ
765 465 915 552 βασιλείῳ
929 461 1032 551 θρόνῳ
1055 458 1217 545 καθιδρύ-

112 586 226 639 σαντας
248 562 356 641 ου’τόυ,
376 565 433 629 καί
454 561 512 649 τήν
535 562 640 650 α’ρχήν
662 568 875 649 ἐγχειρίζουσι
895 562 1078 650 μόναρχον·
1104 557 1160 645 τήν
1181 583 1216 627 τε

114 669 288 731 δέσποιναν
306 668 362 731 καί
378 666 500 751 μητέρα
532 666 646 731 τούτου
670 656 864 750 καθαίροῦσι
884 664 1142 751 ’μετάισῳοδριῖς
1162 663 1216 747 τ’ής

114 764 285 853 έπιῳορᾶς,
304 760 374 832 εἶτα
390 767 444 832 καί
461 768 557 858 πλοίῳ
570 767 768 854 παραδόντες
788 765 955 853 ὑπερόριον
975 766 1115 831 τίθενται
1137 758 1217 830 κατὰ

86 863 170 942 5τέν
190 863 270 932 ἔιδον
294 864 461 953 πορθμόν,
490 866 525 933 ὃν
547 869 664 935 Στενὸν
689 865 719 932 οἱ
738 874 865 934 πολῖται
887 862 1158 946 κατονομάζουσιν
1183 866 1218 927 έιι

114 970 172 1052 τής
193 967 324 1052 θέσεως,
345 970 627 1063 έγκαταστήσαντες
646 967 766 1055 ταύτην
786 971 828 1057 τῷ
852 977 926 1056 παρ’
947 962 1045 1052 αὐτῆς
1067 964 1216 1032 συστάντι
1296 1038 1298 1043 X

116 1075 351 1160 ῳρυντιστηρίῳ
372 1070 426 1135 καί
445 1078 603 1161 λεγομένῳ
618 1074 819 1159 Πιπερούδη,
838 1073 1114 1159 μελαμφοροῦσαν
1134 1070 1216 1133 dnu-

117 1174 321 1251 ποδείξαντες
341 1170 397 1237 καί
416 1177 610 1259 κεκαρμένην
630 1171 686 1251 τοὶς
705 1178 829 1260 τρίχας,
851 1177 906 1239 καί
934 1176 978 1263 τῷ
998 1170 1132 1257 τάγματι
1153 1172 1215 1235 τῶν
1274 1242 1284 1265 r

114 1273 326 1352 μοναζουσαῖν
351 1270 609 1353 καταζεύξαντες.

69 1396 107 1450 10
213 1370 249 1437 ‘O
270 1374 301 1437 d’
328 1367 385 1439 σίν
405 1380 557 1459 Διογένης
578 1378 675 1458 μέχρι
703 1382 762 1442 τοῦ
790 1382 931 1460 θίματος
962 1376 1025 1442 τοῖν
1044 1377 1246 1459 ’Apporto-l.
1265 1390 1354 1448 tot‘r.

117 1473 182 1535 κῶν
202 1472 333 1556 προϊών,
355 1475 424 1539 ε’πεί
446 1473 487 1539 τοὶ
510 1477 578 1541 κατ’
599 1476 699 1543 αὐτόν
729 1477 988 1565 έπληρυφορήθη,
1010 1480 1065 1543 καί
1086 1475 1128 1553 αἱς
1150 1484 1216 1552 ταῖς

102 1571 262 1649 ,πολίταις
285 1578 339 1640 καί
357 1584 422 1652 τοῖς
442 1572 625 1662 ἀνακτόροις
646 1578 913 1669 έπικειιήρυκταιη
932 1572 1087 1666 φρούριόν
1109 1601 1139 1643 τι
1159 1602 1216 1641 κα·
1294 1592 1299 1604 ’

117 1673 396 1758 τασχώνΔόκειαν
415 1679 704 1762 κατονομαζόμενον
718 1684 817 1745 ε’κεΐσε
833 1673 1215 1764 κατεστρατοπεδεύσατο.
1319 1672 1325 1679 ’

117 1774 133 1841 ὅ
164 1778 202 1839 δὲ
229 1781 359 1861 Καίσαρ
397 1777 453 1842 καί
480 1776 503 1842 'd
526 1777 565 1843 τοὶ
598 1784 741 1865 οκήπιρα
763 1784 832 1847 νέου
861 1778 1071 1865 ἑγχειρισθείς
1102 1777 1216 1845 τούτου

69 1906 107 1958 15
116 1874 261 1961 α’νεψιός,
285 1878 365 1959 μετὰ
387 1876 542 1945 κοπέντα
564 1879 603 1945 τίκ
621 1881 701 1947 κατὰ
724 1882 782 1965 τήν
801 1880 1036 1963 βασιλεύουσαν
1057 1882 1216 1945 διαθεῖναι

117 1976 197 2043 κατὰ
221 1975 256 2043 τὸ
278 1983 527 2062 βεβουλευμένον
556 1983 685 2067 ου’τοῖς,
707 1984 764 2049 καί
787 1981 861 2058 τούς
888 1985 947 2063 μὲν
969 1985 1024 2067 τῆς
1044 1980 1217 2066 συγκλήτου

116 2082 237 2164 βουλῆς
257 2082 488 2148 οἰκειώσασθαι
502 2086 556 2149 καί
575 2088 670 2165 τιμοῖν
684 2083 799 2162 αὐτούς
821 2085 1113 2170 προκαιάρξασθαι,
1138 2081 1218 2166 πρὸς

119 2184 156 2246 δὲ
177 2179 251 2260 τούς
271 2187 323 2267 τῆς
346 2186 464 2270 ιίγοροῖς
486 2183 525 2248 τὰ
550 2185 673 2273 συνήθη
697 2189 919 2272 δημηγορῆσαι
945 2184 999 2250 καί
1018 2184 1061 2263 ὥς
1080 2183 1139 2269 τήν
1153 2210 1219 2249 τια-
1292 2189 1297 2205 ‘

115 2284 222 2371 τρῳαν
242 2277 408 2366 βασιλείαν
423 2284 524 2375 ψήφῳ
539 2290 619 2351 θεοῦ
639 2288 684 2364 εἰς
700 2284 817 2353 ἑαυτὸν
838 2287 1036 2372 α’νεκτήσατο,
1058 2288 1114 2349 καί
1136 2283 1219 2349 τίπο-

67 2381 249 2468 ἠρσχέσεσι
270 2385 511 2471 φιλανθρώποις
535 2387 704 2466 εὐέλπιδας
724 2387 853 2464 τούτους
877 2385 1097 2472 ποιήσασθαι,
1117 2413 1219 2471 στρα-
1244 2469 1246 2474 Ι

116 2484 194 2553 τιοὶν
214 2491 342 2571 πέμψαι
363 2488 445 2555 κατὰ
466 2494 522 2554 τοῦ
542 2496 712 2574 Διογένους
742 2489 927 2573 ε’σκέψαντο.
970 2488 1025 2554 καί
1043 2493 1218 2576 στρατηγὸν

118 2587 339 2675 αὐτοκράτορα
372 2591 651 2677 προχειρισάμενοι
684 2593 745 2658 τῶν
774 2594 832 2655 τοῦ
855 2593 1023 2675 Καίσαρος
1049 2586 1127 2655 virdo
1149 2587 1217 2671 ἕνα,

120 2693 360 2757 Κυνσταντῖνον
380 2690 531 2774 ὀνόματι,
552 2691 588 2756 τὸ
613 2693 736 2776 α’ξίισμα
757 2690 1037 2778 πρωτοπρόεδρον,
1057 2690 1132 2768 τοίις
1154 2715 1219 2756 πα-

13 2870 18 2883 ,
118 2791 319 2879 ρατυχόντας
343 2797 407 2860 τῶν
427 2797 632 2880 προστατῶν
653 2796 740 2882 αὐτῷ
771 2793 997 2880 ἐγχειρίζουσι,
1021 2798 1077 2862 καί
1096 2798 1219 2880 ταχέας

191 2947 217 3000 2.
237 2961 271 2998 an
288 2940 339 3015 τήν
359 2944 412 3001 θέλ

118 3086 214 3150 tilium,
233 3087 311 3154 quem
332 3086 453 3139 exllucis
472 3088 661 3141 coniunctione
678 3095 817 3158 genuerat,
836 3089 1022 3156 imperatorem
1042 3095 1070 3141 et
1088 3086 1219 3139 dominum

118 3160 283 3222 renuntiant,
303 3159 330 3210 in
349 3160 424 3210 aurei
444 3160 555 3211 triclinii
578 3161 655 3230 regio
675 3160 744 3214 solio
765 3159 930 3213 collocantes
955 3175 1014 3211 eum
1034 3166 1061 3211 ct
1079 3159 1219 3224 imperium

119 3232 147 3283 ei
165 3230 271 3282 tradunt
288 3231 404 3295 unicum,
426 3238 453 3281 et
471 3232 602 3284 dominam
627 3241 790 3300 matremque
811 3233 867 3284 cius
887 3231 1016 3283 dciiciunt
1035 3231 1138 3298 ingenti
1158 3245 1218 3282 cum

118 3305 236 3370 impetu:
255 3301 351 3353 deinde
372 3303 451 3354 etiam
475 3305 538 3355 navi
556 3304 677 3355 traditam
698 3303 816 3357 exsulem
843 3303 931 3354 ierunt
960 3303 993 3354 ad
1011 3301 1143 3354 orientale
1162 3301 1220 3352 ire-

117 3383 175 3426 tum
200 3373 287 3442 (quod
309 3381 449 3442 angustum
474 3378 549 3427 cives
569 3384 667 3430 vocant
685 3393 719 3428 ex
736 3377 823 3445 situ),
852 3375 1037 3428 includendam
1058 3374 1219 3424 monasterio

118 3446 155 3498 ab
174 3461 206 3496 ea
224 3447 330 3498 condito
351 3453 378 3497 et
398 3455 493 3498 vocato
512 3447 654 3515 Piperudc,
672 3448 799 3501 ,restibus
817 3449 902 3516 nigris
922 3447 1036 3498 indutam
1056 3453 1083 3497 et
1102 3443 1220 3497 crinibus
1256 3493 1259 3502 ,

119 3519 206 3570 tonsis
225 3515 311 3569 ordini
329 3518 517 3570 monacharum
536 3521 704 3587 adscriptam.

219 3588 356 3658 Augustus
373 3591 463 3658 igitur
489 3607 575 3659 usquo
600 3594 633 3643 ad
656 3594 821 3659 provinciam
845 3591 1028 3644 Armeniacum
1052 3603 1220 3658 progressus,

118 3668 262 3730 postquam
286 3678 354 3732 quae
381 3662 414 3714 ad
440 3679 499 3714 eum
526 3664 695 3730 pertinebant
713 3663 862 3732 comperit,
881 3662 1058 3730 proscriptum
1076 3678 1106 3714 se
1126 3677 1221 3714 cssea

119 3734 226 3786 civilius
252 3743 279 3786 et
302 3733 423 3802 palatio,
452 3735 564 3788 castello
584 3743 677 3802 capto,
707 3736 778 3805 quod
796 3736 912 3788 Dosceia
937 3742 1057 3799 vocatur,
1078 3733 1115 3785 ibi
1135 3740 1220 3785 castra

118 3807 227 3875 posuit(
267 3806 365 3860 Caesar
391 3814 479 3859 autem
505 3815 550 3870 et,
577 3809 620 3858 cui
639 3801 771 3874 sceptrum
797 3823 881 3874 nuper
910 3807 1033 3860 traditum
1058 3813 1123 3869 erat,
1142 3805 1221 3857 huius

118 3878 209 3930 affinis
219 3887 367 3947 postquam,
390 3894 458 3946 quae
476 3880 619 3930 constituta
639 3887 713 3930 erant
730 3880 758 3929 in
777 3881 897 3946 reginam
910 3879 1108 3945 disposuerunt,
1129 3885 1221 3928 etse.

108 3958 229 4002 natores
248 3950 299 4003 sibi
317 3950 495 4002 conciliarunt
512 3958 539 4002 ct
551 3951 682 4001 honorare
702 3965 750 4001 eos
770 3956 927 4017 cooperunt,
948 3952 975 4000 in
996 3949 1053 3998 loro
1073 3956 1160 3999 autem
1176 3964 1220 4002 res

119 4031 263 4074 consuetas
281 4022 365 4073 locuti
384 4030 459 4086 sunt,
486 4031 512 4074 et
531 4023 662 4090 quomodo
685 4037 797 4089 regnum
816 4029 953 4088 paternum
974 4035 1008 4070 ex
1026 4020 1157 4072 sententia
1176 4020 1220 4072 dei

118 4092 171 4148 sibi
191 4094 410 4157 reconciliasset,
437 4101 464 4144 et
481 4103 619 4164 postquam
642 4095 780 4162 promissis
806 4093 926 4144 humanis
944 4091 1013 4143 hona
1032 4091 1081 4142 hos
1100 4106 1148 4157 spe
1166 4093 1218 4142 im.

118 4165 275 4235 piaverunt,
296 4167 441 4217 exereitum
459 4167 565 4219 mittere
584 4175 677 4219 contra
694 4166 843 4234 Augustum
867 4169 1024 4218 statuerunt.
1062 4171 1141 4231 atque
1159 4177 1217 4214 cum

119 4238 216 4292 ducem
235 4253 363 4295 summum
381 4236 504 4294 caesaris
523 4240 639 4293 liliorum
663 4254 744 4292 unum
763 4245 908 4303 creassent,
929 4236 1137 4299 Constantinum,
1156 4235 1217 4302 dig.
