2967 4825
243 252 333 347 ue.
550 231 768 329 ureutnrs
794 243 1055 327 turturem

256 421 388 502 ιἐλπίδας
408 423 465 511 την
487 406 589 511 ἧτταν
612 425 676 489 τῶν
699 422 790 489 ι’δίοον
817 415 976 500 θεώμενος
996 417 1055 502 (iv
1076 417 1171 499 χερσί
1192 410 1254 497 γὰρ
1275 408 1366 499 ἔχειν

256 525 359 595 όδόκει
380 526 438 611 τὴν
460 525 556 613 νίκην,
576 529 632 591 καί
651 534 716 600 τοῖς
739 524 821 609 ἀμφ’
846 520 944 585 ου’τόν
965 520 1098 605 παρῄνει
1121 515 1258 602 ζωγριάν
1281 513 1367 598 πρός

257 625 355 692 αότόν
373 626 428 693 τόν
448 630 511 696 τῶν
532 628 700 708 Ῥωμαίων
714 627 850 706 βασιλέα
872 624 1001 703 κομίσαι
1024 617 1078 683 καί
1098 615 1141 700 μη
1165 617 1285 705 σιδη’ρρι
1308 636 1371 679 τεν

255 732 366 812 μεῖν),
389 732 625 812 α’μεταστρεπτί
653 729 708 792 καί
734 722 831 800 αὐτὸς
851 726 896 799 εἰς
916 719 1020 809 φυγὴν
1043 713 1192 803 ῶρμησε,
1216 719 1366 801 δρομαίῳ

255 832 312 893 καί
335 826 505 895 ἀελλόποδι
527 829 611 919 ἵππῳ
631 826 689 912 τὴν
709 823 825 891 ἑαυτοῦ
855 822 1023 897 πιστεύσας
1050 820 1238 904 σωτηριῶδη
1262 826 1395 881 κατα·5

257 929 373 1016 φυγήν,
398 929 454 995 τόν
477 928 548 995 υἱόν
572 925 673 995 αότοό
697 925 903 1012 Παγκράτιον
924 927 1075 1019 ἐνέχυρον
1103 919 1180 995 δοός
1198 922 1240 1007 τῷ
1261 924 1366 1000 βασι-

254 1036 308 1095 λεῖ
324 1034 448 1097 δοῦλον.
490 1034 639 1097 ε’ντεόθεν
666 1030 704 1095 τό
726 1025 853 1115 χρηστοὶ
877 1023 979 1091 πόντα
1007 1033 1073 1099 τοῖς
1089 1020 1259 1103 Ῥωμαίοις
1279 1016 1365 1085 κατά

255 1154 290 1197 τε
307 1131 419 1197 Ἀσίαν
438 1129 494 1196 καί
509 1128 671 1215 Εδρῶπην
692 1129 893 1215 συνήντησεν.
935 1127 1081 1191 ἐντεῦθεν
1104 1124 1148 1209 τῷ
1163 1118 1365 1206 Βοτανειότῃ

255 1231 290 1301 τό
314 1233 504 1319 περιβόητον
525 1232 581 1297 καί
601 1238 821 1316 περιλαμπρον
853 1222 955 1309 ὄνομα
982 1224 1036 1289 καί
1056 1220 1076 1310 ἦ
1098 1222 1174 1309 πρὸς
1197 1219 1238 1286 τό
1263 1224 1364 1304 βασί-

257 1340 326 1400 λεια
347 1337 441 1421 φιλία
463 1341 674 1419 περιποιεῖται
698 1334 755 1415 καί
773 1329 869 1416 χόρις
891 1331 1048 1410 ἐπίμονος.

360 1438 402 1501 Τί
418 1437 471 1515 δί;
495 1428 595 1509 οότοος
615 1433 699 1517 ἔχων
721 1435 866 1509 εὐκλείας
881 1435 935 1495 καί
950 1429 1126 1515 εὐπραγίας
1149 1426 1166 1491 ὅ
1192 1426 1282 1511 α’νὴρ,
1303 1426 1367 1491 καί

256 1534 343 1622 παρῶ
375 1539 503 1602 πάντων
532 1520 788 1618 θαυμαζόμενός
809 1558 841 1599 τε
862 1536 916 1598 καί
937 1530 1144 1612 δοξαζόμενος
1168 1528 1302 1603 καὶτοῖς
1325 1529 1364 1605 ἐξ

258 1636 359 1722 ἔργων
386 1640 670 1723 μεγαλουργὴμοισι
696 1633 950 1718 σεμνυνόμενος,
981 1636 1064 1717 μέγα
1097 1635 1223 1719 φρονῶν
1247 1622 1287 1713 ἦν
1305 1628 1366 1693 ε’πί

190 1770 196 1780 ·
255 1748 321 1816 τοῖς
339 1733 456 1805 ἑαυτοῦ
476 1740 710 1825 κατορθώμασι,
740 1743 797 1803 καί
826 1738 994 1827 οἷλαζονείρι
1014 1731 1278 1818 κατεπαιρόμενος
1296 1734 1364 1798 τῶν

254 1840 389 1921 πολλῶν,
410 1842 466 1904 καί
481 1848 546 1915 τοῖς
566 1843 707 1915 α’στικοῖς
739 1839 783 1917 ῶς
807 1839 969 1925 ἀγοραίοις
996 1840 1064 1902 τισί
1084 1839 1136 1899 καὶ
1159 1834 1291 1909 ἀόπλοις
1309 1826 1361 1917 μη
1374 1844 1409 1899 15
1479 1900 1480 1937 η

253 1939 406 2024 εδθόμως
441 1945 496 2007 καί
536 1945 699 2026 προσηνῶς
730 1936 847 2023 ὁμιλῶν
880 1939 935 2005 καί
967 1936 1253 2017 συναυλιζόμενος,
1288 1933 1361 1999 ἀλλ’

189 2036 206 2057 ⁰
253 2038 362 2126 ῶσπερ
385 2046 467 2117 τινός
487 2048 549 2107 τῶν
571 2045 808 2127 κεκρατημένων
828 2045 869 2130 τῷ
890 2045 989 2107 πάθει
1004 2046 1060 2125 τῆς
1073 2040 1259 2119 κενοδοξίας,
1278 2032 1363 2101 ἔαυ-

253 2140 306 2210 τόν
324 2138 508 2230 όπεραίροον
528 2142 584 2207 καί
601 2145 644 2229 τῷ
665 2139 774 2231 κόμπρι
798 2136 1041 2226 τερατευόμενος
1064 2138 1098 2205 τό
1123 2137 1284 2220 ἀνόμοιον,
1304 2131 1362 2203 οἷα

256 2248 349 2329 φιλεῖ
363 2242 435 2319 τοός
458 2242 594 2340 πολλοὺς
612 2252 713 2308 ποιεῖν
736 2248 800 2307 τῶν
820 2245 1021 2329 στρατιωτῶν
1029 2268 1041 2321 ,·
1064 2240 1103 2304 οὐ
1127 2242 1186 2320 μὲν
1207 2232 1265 2303 σόν
1287 2239 1361 2301 οὔδ’

255 2337 321 2410 εἶδέ
344 2346 391 2422 τίς
414 2368 488 2410 ποτε
505 2344 644 2429 Μιχαὴλ
665 2344 950 2430 τὸνιΒοτανειότην
974 2345 1103 2410 πολίτου
1124 2338 1407 2426 κατεπαιρόμε-ηη

252 2468 324 2530 νον,
353 2442 376 2533 η’
392 2451 540 2534 μυκτῆρα
562 2448 671 2511 τοῦτόν
692 2471 774 2522 τινος
795 2451 1011 2530 καταχέοντα,
1041 2441 1143 2530 ἢέξιο
1165 2443 1262 2508 αότόν
1283 2465 1359 2507 ποι..
1395 2458 1401 2469 ·

252 2549 351 2615 εὖντα
372 2553 430 2634 τῆς
452 2552 517 2616 τῶν
539 2550 676 2614 πολιτῶν
699 2551 875 2624 συναυλίας
897 2546 952 2612 καί
984 2548 1165 2635 συμφυΐας,
1189 2538 1360 2629 ἢίστειό-

255 2674 345 2736 τητος
368 2651 557 2729 ἀποδέοντα,
578 2641 600 2734 ἢ
621 2654 859 2734 καλοκαγαθίας
879 2646 934 2714 καῗ
953 2650 1090 2735 γαλήνης
1107 2651 1162 2715 καί
1177 2647 1357 2732 μειδιόμο.

325 2836 351 2890 9.
370 2840 418 2892 καλ
436 2853 479 2890 om
499 2838 529 2892 0.
623 2838 664 2892 18.
683 2841 736 2896 ete
753 2857 799 2894 πω
819 2838 849 2893 G.

253 3042 390 3080 munorum
409 3028 572 3095 stupefactus
594 3029 687 3081 ordine
706 3038 733 3080 et
751 3036 825 3081 motu
837 3037 863 3080 et
873 3036 980 3096 praeter
990 3029 1144 3096 opinionem
1164 3028 1265 3079 cladem
1284 3043 1353 3082 suo.

253 3115 310 3152 rum
330 3100 424 3152 videns
444 3100 486 3167 (in
505 3100 625 3152 menibus
646 3103 715 3152 enirn
734 3101 834 3152 hebere
852 3101 902 3152 sibi
923 3100 1063 3152 videbatur
1083 3101 1224 3152 victoriam
1244 3108 1271 3152 et
1289 3116 1355 3154 euos

253 3171 449 3235 adhortabatur,
468 3181 498 3223 ut
519 3173 610 3224 virum
630 3173 710 3224 adse
736 3188 828 3241 regem
849 3173 1026 3225 Romanorum
1056 3172 1158 3222 ferrent
1183 3187 1254 3223 neve
1279 3172 1354 3224 ferro

251 3244 468 3312 interimerent),
482 3240 628 3295 irretortue
647 3252 675 3295 et
692 3245 751 3310 ipse
771 3245 797 3294 iu
816 3244 906 3312 fugam
925 3260 956 3296 ee
975 3244 1105 3310 proiecit,
1128 3241 1211 3294 celeri
1232 3251 1259 3294 et
1284 3259 1355 3311 pro.

252 3313 340 3366 ceilae
357 3315 469 3381 pedibus
495 3315 616 3382 praedito
637 3330 706 3384 equo
726 3331 800 3367 uuum
826 3315 936 3368 eredens
960 3315 1052 3368 salutis
1081 3315 1186 3383 fugem,
1217 3313 1355 3383 filiumque
1427 3365 1429 3371 ,

250 3386 417 3439 Ρεοεοειίιιπι
439 3387 561 3455 pignoris
579 3386 641 3439 Ιοοο
660 3387 724 3439 daus
742 3388 802 3454 regi
822 3403 938 3440 servum.
977 3386 1039 3438 inde
1056 3387 1088 3438 ab
1104 3394 1268 3454 eutempore
1281 3388 1352 3439 bone

250 3459 339 3509 emnia
357 3458 482 3510 Romanis
501 3459 529 3510 in
547 3458 613 3510 Aeiu
638 3467 664 3510 et
679 3459 787 3525 Europa
806 3466 968 3512 evenerunt:
989 3458 1051 3510 inde
1069 3458 1225 3510 Butunietee
1245 3457 1348 3510 clerum

251 3536 278 3580 et
294 3528 462 3596 eplendidum
479 3544 578 3581 nomen
597 3530 713 3582 amicitie
731 3532 808 3598 regin
827 3537 854 3581 et
872 3530 957 3599 gretia
975 3537 1105 3598 perpetue
1134 3528 1271 3583 conciliet.

350 3626 419 3689 Quid
438 3625 547 3678 autem?
565 3628 594 3677 in
613 3634 686 3678 tantu
707 3642 819 3679 versane
837 3627 924 3696 glorie
944 3635 970 3678 et
989 3627 1120 3680 felicitate
1138 3629 1182 3680 vir
1201 3634 1228 3677 et
1245 3627 1279 3679 ab
1291 3642 1352 3678 om.

248 3694 329 3747 nibus
347 3700 482 3761 spectatus
502 3705 528 3747 et
547 3697 708 3762 celebratus,
731 3706 758 3749 et
776 3699 905 3750 factorum
926 3699 1123 3767 magnificentia
1142 3706 1269 3763 ornatus,
1288 3714 1352 3750 num

250 3764 367 3831 superbe
386 3766 472 3819 elatus
493 3776 549 3819 erat
567 3785 614 3821 rua
634 3769 738 3821 fortune
759 3778 785 3820 et
804 3770 954 3822 humilitate
980 3771 1172 3837 supersedebat
1200 3769 1351 3824 multitudi.
1425 3809 1427 3815 .

250 3837 293 3888 nie
314 3843 341 3886 et
358 3837 466 3889 urbanis
487 3847 516 3890 ut
534 3839 633 3892 vilibus
651 3831 850 3910 inermibueque
878 3857 933 3893 non
958 3842 1029 3894 bonu
1059 3843 1146 3894 auimo
1173 3849 1200 3892 et
1225 3841 1351 3894 elementi

250 3907 374 3961 utebatur
393 3918 419 3961 et
438 3925 496 3960 curn
515 3912 549 3964 iie
568 3913 732 3977 versabatur,
753 3914 809 3977 sed,
829 3920 858 3964 ut
877 3914 981 3981 quidem
1003 3913 1092 3965 effecti
1111 3913 1199 3982 glorie
1218 3915 1301 3978 inuri,
1321 3928 1351 3964 ee

252 3977 384 4032 etierebut
403 3990 430 4033 et
446 3983 648 4052 vaniloquentia
667 4001 711 4036 ree
730 3985 845 4037 iactabat
864 3985 1045 4049 incredibiles,
1065 3993 1094 4036 ut
1106 3984 1229 4053 plerique
1249 3985 1350 4036 militer

251 4049 342 4101 iecere
361 4051 477 4104 solent?
496 4069 676 4124 nequaquem:
696 4071 786 4123 neque
805 4057 872 4108 vidit
891 4058 1029 4124 quiequam
1047 4070 1162 4124 unquam
1190 4055 1350 4108 Michaelenr

250 4120 415 4174 Botenintem
434 4140 514 4192 eupru
532 4127 619 4179 civem
638 4143 667 4179 ee
686 4127 840 4180 efferentem
859 4135 904 4180 unt
928 4128 1044 4181 ludibrio
1070 4143 1219 4196 quenquam
1245 4127 1350 4178 hahen-

249 4201 304 4246 tem
322 4202 368 4248 eut
384 4210 415 4250 ιο
432 4205 614 4250 removentem
636 4213 669 4251 ex
689 4200 787 4252 civium
807 4200 937 4254 societate
956 4209 983 4252 et
1011 4201 1198 4254 coniunctione
1230 4207 1277 4254 eut
1299 4213 1351 4252 ur.
