2967 4825
250 270 299 347 ιν
551 215 772 335 nrcnsnms
799 256 1059 328 ιτιιιισιιι

250 438 284 504 ἐν
305 436 409 534 τούτῳ
429 432 529 499 oiseis
552 430 714 511 ἐπαρχιῶν
736 421 886 490 δικασται
897 424 954 486 καί
967 418 1174 486 συντάττουσι
1194 412 1235 481 tei
1256 437 1357 497 ποιη-

250 545 307 605 τέα
333 536 499 620 ἐγγράφως
529 536 582 595 καί
613 527 652 595 τὰ
675 528 737 593 τοῖν
766 526 947 609 σχοδαρίοιν
967 512 1287 587 &apostataverint
1308 518 1360 579 δι

195 704 199 709 ,
250 637 392 722 δποψίας
413 629 609 717 ἀπαλλαγήν.
1225 650 1229 653 ·

349 739 432 803 'Ant’
454 734 471 797 6
494 735 677 816 βασκαίνων
697 730 751 793 οἷοί
769 735 836 804 τοῖς
848 732 955 801 καλοῖς
975 724 1086 807 ἕτερον
1107 712 1253 793 αδδιςΙ
1229 716 1358 800 ortyci-

252 860 301 927 ρει
324 839 458 919 πόλεμον
482 835 654 917 ἑαιχοδριον
678 833 712 895 ἐκ
733 830 860 895 τοιᾶσδε
879 822 1090 912 προφάσεως·
1112 816 1271 904 συγγενία
1283 833 1358 881 τιτι·
1366 830 1386 883 5

251 966 314 1026 τημ
316 942 385 1013 ένος
414 960 429 999 o
451 932 644 1018 βασιλευς
630 958 664 997 ενι
683 935 738 1014 τῆς
757 926 1049 1011 Ἀδριανονπόλτοος
1077 924 1202 988 Λέοντα
1224 940 1356 984 κατονο·

251 1039 440 1124 μαζόμτνον,
459 1044 568 1101 τοῦτον
590 1037 634 1110 εἰς
655 1030 805 1117 λαμπρὰν
820 1026 926 1111 ιδ’σπερ
949 1025 1030 1103 εἰκὸς
1052 1024 1222 1107 οἷνατιδησι
1243 1020 1356 1105 τύχην,

252 1145 307 1207 καί
328 1164 369 1225 τῳ
391 1139 454 1202 τιόν
471 1136 656 1220 πατρικίων,
679 1127 748 1199 sita
770 1134 826 1195 καί
850 1132 913 1195 τῶν
933 1130 1055 1246 despair
1086 1122 1241 1205 α’ξιιίαατι
1263 1125 1358 1204 πορί-

251 1246 387 1325 dientes
421 1236 640 1324 daedaleam,
680 1237 870 1320 στρατηγίας
905 1228 1028 1312 συχνὰς
1061 1230 1116 1294 καί
1150 1226 1358 1309 δημαγωγίαις

253 1336 454 1445 intraverim
475 1340 574 1424 αὐτῷ.
608 1341 642 1403 ἑν
663 1362 722 1425 μιρ
709 1331 822 1399 δδ”
801 1353 896 1417 εαρυς
917 1327 988 1421 (δρα
1009 1330 1047 1418 τῇ
1071 1329 1237 1413 Μελιτηνῇ
1256 1348 1357 1409 στρα·
1343 1332 1412 1387 -tb

252 1429 419 1525 τηροῦντος
443 1438 543 1503 αὐτοῦ
565 1435 605 1502 τοὶ
632 1434 838 1504 Μακεδονικαὶ
858 1429 1088 1556 σρνεταριίχδη
1117 1424 1358 1510 στρατεύματα,

251 1538 379 1623 μακροὶν
403 1542 601 1605 ἀποστασίαν
623 1538 787 1603 ὠδίνοντα.
838 1532 891 1598 καί
917 1532 934 1596 6
959 1527 1113 1614 βασιλεδς
1135 1529 1236 1613 ἠπίως
1258 1550 1359 1591 κατα-

253 1644 376 1715 στείλας
398 1641 516 1705 τούτων
538 1638 573 1705 τὸ
595 1638 742 1727 φρόνημα
763 1639 889 1701 διέλυσε
909 1657 967 1725 την
987 1628 1169 1714 ἐπιβουλήν,
1189 1624 1270 1710 πρὸς
1288 1650 1362 1694 sos·

253 1738 310 1824 ρόν
329 1744 451 1822 mincip
471 1735 602 1823 ὕστερον
616 1764 650 1805 το
643 1737 866 1860 α’ττοτέλερμα
888 1703 1162 1816 παραδίδωιιεν,“’
1143 1752 1230 1849 ομρος
1248 1730 1279 1791 δ’
1299 1720 1362 1791 ουν

245 1827 489 1907 'nasammonas
534 1842 758 1926 κατηγορηθείς
779 1830 867 1900 σανα
857 1834 1144 1918 “τιροιιιφωνηδει“ς
1158 1825 1258 1895 o6ro6
1278 1851 1361 1908 συγ·
1339 1832 1411 1886 -15

252 1939 344 2023 νενης
363 1941 408 2017 ὥς
429 1944 484 2023 τῆς
511 1940 654 2015 στάσεως
676 1940 729 2004 aas*
754 1940 810 2021 τῆς
839 1938 958 2017 βουλῆς
978 1926 1137 2017 ἀρχηγός,
1164 1927 1220 1994 καί
1246 1926 1291 2004 ὥς
1311 1930 1360 2003 εἰς

254 2040 351 2105 αδτόν
369 2041 614 2125 ἀναφερομένης
641 2044 696 2123 τῆς
725 2036 927 2122 τυραννίδος,
960 2032 1155 2117 παραδύεται
1177 2034 1233 2115 τῆς
1253 2030 1361 2114 ἀρχῆς
1399 2120 1406 2126 .

254 2166 307 2205 και
303 2143 491 2229 μοναδικρι
512 2144 725 2225 παραδίδοται
746 2138 900 2223 σχήματι,
921 2140 977 2208 καί
995 2160 1033 2221 τη
1022 2126 1308 2217 μεγαλοπόλιι
1286 2154 1360 2197 ανε-

254 2263 309 2316 τος
340 2266 393 2305 ιιαι
422 2242 522 2327 χωρίς
551 2265 636 2317 τινος
658 2241 892 2333 παραφυλακῆς
912 2238 1094 2301 α’πολιίειαι.
1149 2232 1301 2316 τετάρτην
1322 2232 1409 2297 δὲ

132 2370 158 2411 a
158 2353 244 2413 1047
253 2368 330 2427 προς
357 2350 393 2431 τῇ
416 2336 573 2432 δεκάτη”
554 2365 682 2427 αγοντος
710 2364 766 2405 του
754 2342 998 2422 σεατιμβρίου
1025 2336 1139 2421 μηνός,
1161 2338 1235 2397 καθ’
1266 2328 1304 2418 ἢν
1323 2332 1410 2397 vtio

255 2445 408 2528 ζωοποιδυ
440 2454 572 2526 σημεῖον
603 2443 785 2528 ὖψοδμενον
816 2440 942 2524 αἰρεται
970 2439 1033 2505 etv
1069 2437 1228 2516 ἑξιλευίσει
1261 2438 1363 2522 πολλῇ

255 2542 378 2629 (προίτη
403 2547 444 2608 δὲ
471 2543 603 2621 ἴνδιντος
625 2539 695 2628 66,-
720 2543 816 2608 ὁπότε
846 2541 901 2606 καί
931 2534 1097 2625 δ’Κρόνος
1116 2535 1297 2605 συνώδευον
1316 2539 1362 2621 τῷ

156 2724 161 2728 ᾖ
257 2647 340 2730 Aac),
362 2643 467 2733 λάθρη
488 2647 542 2728 τῆς
564 2641 796 2729 βασιλευούσης
816 2642 997 2730 circopetici,
1017 2644 1072 2706 καί
1092 2642 1134 2705 δι’
1156 2641 1261 2705 innota
1280 2635 1361 2702 κατὰ
1424 2688 1431 2700 ,

291 2897 297 2904 ,
330 2846 371 2900 16.
393 2841 539 2919 ἐπιβουλῆς
551 2847 693 2915 interpres.
810 2846 854 2898 22.
871 2842 977 2917 χρόνοι
996 2843 1026 2897 G.
1046 2843 1163 2896 correxit
1179 2843 1321 2909 interpres.

977 2951 983 2982 l

256 3011 365 3079 privati,
387 3027 446 3062 eum
467 3028 499 3078 „a
517 3013 639 3065 iudiciis“
669 3012 819 3063 nominaret
838 3010 917 3063 buius
936 3010 1107 3078 praesidem„
1131 3010 1159 3061 in
1180 3009 1233 3060 boe
1245 3009 1361 3077 provin.

257 3083 356 3137 ciarum
371 3083 473 3134 indices
495 3092 522 3135 et
551 3092 712 3150 componunt
732 3084 853 3135 iacienda
874 3083 1048 3148 inscriptione
1067 3091 1095 3133 et
1111 3097 1181 3149 quae
1198 3083 1226 3132 in
1250 3079 1363 3134 tabellis

256 3162 332 3206 erent
351 3154 488 3220 deponunt
506 3155 630 3223 aequalia
649 3163 759 3221 propter
779 3155 939 3221 suspicionis
964 3154 1159 3206 liberationem.
1297 3196 1300 3203 .

356 3225 409 3278 Sed
434 3225 482 3278 ille
510 3229 554 3294 qui
581 3227 683 3278 invidet
709 3241 814 3292 semper
836 3225 1046 3292 pulchris-aliud
1070 3241 1162 3278 rursus
1184 3233 1276 3277 movet
1297 3225 1361 3276 bel.

254 3297 309 3352 lum
327 3298 459 3348 internum
487 3297 536 3349 bae
563 3315 597 3350 ex
621 3314 710 3348 causa.
749 3299 925 3364 propinquum
944 3297 1036 3349 babuit
1060 3312 1108 3347 rex
1127 3313 1161 3347 ex
1184 3296 1362 3364 Adrianopoli

254 3369 382 3422 Leontem
400 3370 578 3420 nominatum·
600 3370 670 3420 hunc
690 3369 722 3422 ad
748 3368 878 3420 illustrem
898 3377 927 3419 ut
946 3369 1057 3420 decebat
1075 3368 1151 3419 eliert
1170 3369 1314 3451 fortunam,¹
1333 3378 1363 3420 et

254 3442 436 3506 patriciorum,
465 3441 561 3492 deinde
588 3442 667 3492 etiarn
686 3441 872 3493 vestiariorum
891 3442 1022 3507 dignitate
1040 3439 1155 3505 amplum
1181 3440 1281 3491 reddit·
1307 3440 1361 3490 im-

254 3512 330 3576 peria
353 3511 437 3562 multa
463 3518 490 3562 et
516 3512 670 3580 magisteria
694 3513 719 3560 ei
747 3513 875 3564 eredens·
894 3527 947 3564 uno
962 3520 1051 3563 tamen
1070 3513 1142 3562 veris
1160 3520 1280 3578 ternpore
1300 3527 1361 3562 cum

254 3579 304 3631 ille
328 3581 503 3634 lllelitenae'
497 3585 636 3648 imperium
663 3583 791 3647 haberet,
816 3583 989 3646 Macedonum
1013 3582 1109 3634 turbati
1134 3591 1195 3635 sunt
1214 3583 1360 3646 exercitus,

254 3652 362 3718 longam
377 3652 555 3704 tlelectionem
574 3655 740 3706 meditantes
762 3663 841 3723 atque
860 3671 908 3708 rex
926 3656 1072 3707 clementer
1096 3655 1246 3721 deprimens
1265 3653 1360 3706 boram

220 3727 223 3739 “
256 3725 357 3774 animos
382 3723 465 3775 solvit
490 3727 642 3790 insidias,'
636 3743 663 3778 m
681 3735 801 3792 tempore
818 3727 938 3794 quidem,
964 3736 993 3778 ut
1009 3735 1111 3792 postea
1131 3727 1217 3777 exitus
1242 3725 1360 3788 tradidit,

255 3796 300 3846 sed
320 3804 407 3849 tamen
428 3797 569 3862 depressit.
605 3807 744 3850 aecusatus
765 3800 846 3864 igitur
870 3800 928 3850 eius
953 3806 1031 3848 antea
1052 3805 1270 3850 commemoratus
1290 3814 1360 3866 cog.

253 3873 331 3920 natus
351 3876 379 3918 ut
394 3868 532 3922 seditionis
554 3877 580 3920 et
599 3869 706 3922 consilii
724 3870 777 3920 dux
796 3878 823 3920 et
842 3871 918 3936 quasi
935 3870 968 3921 ad
988 3885 1048 3920 eum
1066 3869 1217 3921 deferretur
1235 3870 1360 3922 domina.

253 3939 302 4002 tio,
329 3939 443 3991 solvitur
467 3942 579 4006 imperio
608 3948 634 3990 et
652 3943 815 3992 monasticae
834 3940 946 3992 traditur
967 3942 1055 4002 vitae,
1083 3943 1154 3991 etin
1174 3940 1267 3992 urbem
1288 3941 1359 3992 liber

255 4017 280 4060 et
305 4012 362 4062 sine
388 4011 445 4062 ullo
472 4013 606 4077 praesidio
627 4012 782 4064 dimittitur.
809 4021 931 4078 quartum
950 4022 1038 4062 autem
1056 4013 1090 4062 ad
1107 4013 1238 4062 decimum
1257 4021 1358 4080 egente

202 4081 403 4153 septembre
428 4097 535 4146 mense,
565 4099 631 4150 quo
652 4085 789 4134 vivificum
810 4085 914 4150 signum
940 4083 1053 4138 αΙαιιιιιι
1063 4083 1167 4136 tollitur
1193 4083 1276 4136 multo
1296 4099 1359 4134 cum

202 4148 373 4219 piaculo,
391 4155 489 4222 primus
510 4161 597 4208 autem
612 4163 667 4206 erat
686 4155 850 4222 indictionis,
870 4171 929 4209 cum
948 4156 1026 4210 etiam
1045 4154 1173 4210 Saturnus
1195 4157 1358 4209 conveniret
