2967 4825
241 251 314 335 rot
531 258 750 332 urcalums
781 257 1042 329 lmmromu
1094 210 1101 233 ’

239 435 361 522 α’γορίν
379 434 490 501 σιτίων
520 432 646 524 ἒξιοίσῃ
670 436 883 517 προσέβαλον·
937 435 992 497 καί
1012 432 1042 498 εἰ
1060 427 1104 514 μὴ
1125 430 1207 514 ταχὺ
1228 428 1349 493 διανα-

240 536 320 613 στοὶς
342 532 358 601 ὃ
377 535 585 617 tonstrices
605 538 660 620 τῆς
691 536 798 621 φήμης
820 528 947 620 δι’ρμησε
976 536 1042 598 κατ’
1065 534 1180 609 ον’τοῖν,
1203 524 1346 595 κᾶτεῖνοι

240 640 285 723 μη
308 638 496 715 ὖποστοὶντες
521 641 683 724 διέφυγον,
705 636 790 719 τοὶχα
811 634 851 707 ἂν
873 634 1014 700 α’ποίλετο
1031 639 1126 717 με’ρος
1141 634 1346 714 στρατιωτῶν

242 742 299 807 cris
321 737 611 824 εδναταφρόνητον.
656 738 713 823 ἀφ’
731 728 775 803 ὧν
797 735 831 802 εἴ
846 762 893 811 τις
913 744 977 811 τοῖς
997 742 1186 819 στρατηγοῖς
1207 732 1346 817 εἰιιγροῖ-

242 835 317 927 φειν
344 836 388 915 ὡς
414 842 528 906 ε’πίπαν
560 838 630 923 ἔχοι
665 837 704 904 τοὶ
731 842 794 903 τῶν
814 837 1001 921 ε’κβοὶσεων,
1024 834 1080 902 εἴτ’
1103 839 1156 901 ε’νιί
1176 832 1210 900 τὸ
1234 842 1372 918 χείρονὸ

241 940 297 1008 εἴτ’
318 944 382 1006 ἐ’πί
406 938 441 1006 τὸ
477 949 615 1025 κρεῖττον
644 940 852 1025 σονοὶγοιντο,
882 941 920 1003 οὐ
946 938 1119 1023 διαμάρτοι
1141 936 1265 1013 πάντας
1285 938 1347 999 τοῦ

241 1043 343 1127 ὀρθοῦ
362 1041 419 1107 καί
444 1046 501 1126 τῆς
523 1043 665 1127 ἀληθοῦς
686 1039 897 1126 διαγνώσεως.

340 1146 424 1209 Ἀλλ’
447 1144 465 1207 ὅ
486 1147 546 1225 μὲν
563 1145 727 1224 βασιλεύς,
752 1137 835 1207 οὕτω
857 1143 1030 1220 διασωθείς
1051 1144 1104 1205 καί
1127 1139 1289 1215 διασώσας
1306 1136 1345 1202 τό

174 1302 178 1311 ,
243 1246 483 1329 στρατόπεδον,
508 1243 568 1328 πρὸ
593 1250 648 1329 τῆς
668 1249 724 1311 rori
754 1246 866 1311 Xa'lerr
894 1244 1005 1329 χώρας
1032 1238 1228 1329 πανστρατιᾷ
1250 1265 1346 1306 κατε-

242 1344 392 1431 σκήνωσε.
438 1345 499 1430 πρὸ
524 1351 582 1411 τοῦ
605 1353 782 1433 καταβῆναι
804 1350 839 1411 δὲ
861 1351 916 1412 τοῦ
937 1349 1045 1425 ἵππον,
1067 1343 1141 1419 τούς
1161 1366 1193 1407 τε
1217 1338 1399 1420 Suel-bauo

244 1451 299 1513 καί
316 1449 378 1514 τῶν
395 1446 562 1529 Ῥωμαίων
587 1449 646 1513 οὐκ
668 1450 794 1532 ὀλίγους
821 1448 865 1522 εἰς
886 1445 1048 1531 προνομήν
1077 1442 1263 1525 ἀποστείλας
1287 1439 1348 1523 τὴν

243 1552 398 1629 πολεμίαν
422 1546 533 1631 χώραν
563 1554 787 1633 κατεληίσατο,
823 1548 947 1629 ἀνδρῶν
973 1572 1005 1612 τε
1036 1551 1090 1611 καί
1114 1545 1271 1629 γυναικῶν
1288 1541 1349 1605 καί

242 1646 447 1733 βοσκημάτων
481 1651 683 1732 δοροάλωτον
710 1652 831 1734 πλῆθος
853 1650 910 1713 oon
928 1647 1094 1732 ἐλάχιστον
1124 1643 1347 1731 ποιησάμενος.

243 1754 366 1816 εἰιεϊθεν
392 1752 427 1815 δὲ
453 1751 653 1835 προβιβάσας
681 1750 739 1834 τήν
772 1749 925 1836 στρατιὰν
954 1747 1065 1838 προῄει
1092 1747 1145 1813 διὰ
1170 1748 1224 1829 τῆς
1249 1750 1348 1807 πολε·
1408 1755 1412 1759 ’

243 1858 331 1934 μίας,
356 1854 412 1917 καί
434 1853 553 1928 διτταῖς
576 1852 709 1935 ἡμέραις
731 1851 813 1934 ὁμοῦ
836 1854 1036 1935 μεταβαίνων
1058 1853 1102 1923 εἷς
1123 1840 1402 1930 τοῦμπροσθενις,

242 1949 300 2027 τᾶς
323 1951 482 2034 προνομὰς
503 1945 597 2017 οὖδὲν
619 1947 711 2038 ἧττον
735 1951 926 2035 ποιούμενος
943 1946 993 2034 ἦν.
1049 1957 1190 2034 τριταῖος
1212 1952 1247 2013 δὲ
1267 1946 1348 2029 πρὸς

140 2136 146 2142 Ι
244 2054 302 2137 τὴν
325 2049 503 2139 Ἶεράπολιν
533 2055 709 2140 ἀφιγμένος
732 2052 817 2137 ἑώρα
850 2052 926 2129 τούς
946 2047 1094 2137 Ἄραβας
1122 2054 1352 2135 περιρρέονῐας

248 2155 382 2221 nualdus
404 2158 460 2219 καί
479 2154 748 2240 παραδεικνύντας
768 2156 802 2221 ἔτι
822 2154 997 2242 φαντασίας
1018 2155 1072 2219 τὸν
1092 2153 1238 2233 πόλεμον.
1280 2149 1353 2213 ἀλλ’

244 2261 291 2332 τίς
306 2264 418 2339 χεῖρας
440 2258 546 2334 ε’λδεϊν
566 2260 622 2323 καί
642 2259 785 2341 συνάψαι
803 2255 973 2340 Ῥωμαίοις
1001 2258 1171 2337 είθαρσεῖς
1192 2252 1231 2315 οδ
1253 2249 1350 2335 γεγό-

178 2387 185 2393 ·
245 2383 351 2441 νοσιν,
375 2361 406 2424 εἰ
422 2358 467 2445 μη
492 2359 552 2424 πού
564 2384 647 2438 τινες
669 2359 898 2444 α’κροβολισμοί
919 2356 1158 2444 προτρεχόντων
1178 2358 1271 2420 τινῶν
1293 2357 1403 2432 nudor)

177 2508 188 2518 -
224 2465 302 2546 ’τῆς
327 2463 443 2554 τάξεως
463 2461 694 2546 προπηδώντων
724 2460 934 2545 ἑπιγεγόνασι.
980 2462 1033 2526 καί
1055 2457 1214 2545 προῄεσαν
1236 2455 1266 2520 οἱ
1287 2462 1351 2538 μὲν

241 2562 395 2647 Ῥωμαῖοι
427 2569 683 2648 συντεταγμένας
709 2562 789 2628 κατὰ
816 2563 938 2648 ,λόχους
966 2565 1023 2626 καί
1047 2557 1231 2647 φάλαγγας,
1258 2555 1287 2624 οἱ
1317 2558 1350 2618 δ’

167 2735 177 2742 ,
237 2656 381 2749 Ἄραβες
401 2664 480 2747 μετὰ
503 2664 559 2730 καί
578 2669 640 2733 τῶν
659 2664 821 2733 συνόντων
844 2666 954 2741 αὐτοῖς
974 2663 1124 2750 Τούρκων
1142 2662 1199 2726 οὐκ
1221 2660 1349 2742 σ’λίγων,

318 2821 344 2873 5.
363 2820 619 2890 usitatusque
673 2821 715 2874 se.
728 2807 948 2894 πρισιιμὰιο.

247 2965 349 3028 partem
374 2960 489 3030 aliquam
519 2967 630 3031 propter
659 2961 785 3014 frumenti
809 2967 953 3013 mercatum
973 2968 1115 3012 exeuntem
1132 2959 1254 3028 aggressi
1273 2968 1349 3026 suut,

246 3039 327 3100 atque
345 3033 398 3085 nisi
417 3034 544 3087 celeriter
563 3048 686 3103 egressus
705 3049 754 3086 rex
771 3042 882 3101 propter
901 3033 994 3084 lauram
1013 3031 1233 3100 proficiscebatur
1252 3041 1351 3085 contra

247 3119 294 3157 eos
315 3112 342 3155 et
359 3105 401 3156 illi
419 3121 472 3158 nou
491 3109 648 3173 resistentes
669 3105 816 3174 fugiebant,
837 3106 919 3158 facile
938 3105 1064 3172 periisset
1082 3119 1142 3171 pars
1161 3105 1273 3156 militum
1292 3119 1351 3156 non

246 3178 410 3260 spernenda·
432 3195 513 3248 quare
532 3181 555 3231 si
574 3181 633 3248 quis
651 3178 762 3231 ducibus
775 3179 934 3230 tribuerent
948 3177 1104 3244 plerumque
1115 3177 1144 3228 iit
1156 3177 1225 3228 velit
1237 3177 1350 3242 exitum,

246 3249 305 3313 eive
325 3251 357 3301 ad
377 3253 454 3317 peius
473 3253 532 3304 sive
548 3252 582 3304 ad
599 3251 696 3303 melius
717 3251 889 3315 conducatur,
914 3264 967 3300 non
986 3249 1092 3300 aberret
1110 3249 1217 3300 omnino
1237 3261 1253 3298 a
1271 3257 1350 3300 recto

247 3329 273 3372 ct
290 3336 306 3371 a
325 3337 391 3373 vero
409 3324 560 3376 iudicio.

346 3409 398 3463 Sed
415 3427 464 3463 rex
482 3413 520 3463 ita
541 3419 663 3464 servatus
694 3421 721 3463 et
740 3426 851 3464 servans
872 3411 1017 3462 exercitum
1042 3416 1103 3460 aute
1125 3416 1221 3459 terram
1242 3406 1350 3475 Chalep

245 3498 304 3533 cum
323 3491 380 3534 toto
400 3485 521 3535 exercitu
547 3492 634 3536 castra
651 3485 750 3550 posuit.
795 3485 949 3552 priusquam
977 3489 1064 3532 autem
1090 3496 1123 3532 ex
1142 3493 1211 3548 equo
1227 3480 1351 3531 descen-

246 3555 336 3617 deret,
366 3553 480 3620 Scythas
509 3563 536 3605 et
563 3555 722 3607 Graecorum
751 3571 806 3606 nou
834 3569 933 3622 ρειιοοε
962 3554 994 3604 ad
1014 3561 1186 3604 commeatum
1203 3551 1352 3617 parandum

172 3681 176 3685 ,
246 3625 327 3688 misit,
348 3625 430 3693 hique
448 3625 563 3677 bostium
581 3635 678 3677 terram
696 3627 876 3692 diripuerunt,
907 3628 1024 3677 virorum
1047 3632 1073 3675 et
1091 3624 1230 3675 mulierum
1253 3631 1279 3673 et
1298 3639 1351 3690 pe.

250 3696 325 3746 cudis
344 3696 418 3746 bello
438 3703 541 3762 captam
559 3697 753 3749 multitudinem
778 3714 832 3749 non
850 3699 982 3749 minimam
1002 3697 1141 3748 iacientes.
1180 3695 1242 3745 inde
1260 3704 1359 3760 aurem,

250 3767 401 3834 producens
416 3769 560 3819 exercitum
566 3768 797 3852 progrediebatur
810 3785 858 3837 per
870 3769 985 3821 hostium
994 3777 1089 3820 terram
1107 3776 1133 3818 et
1145 3765 1246 3818 duobus
1256 3767 1350 3818 diebus

248 3838 327 3892 simul
346 3840 572 3910 transgrediens
565 3857 592 3892 ru
609 3841 670 3892 loca
682 3843 826 3905 anteriora,
846 3849 1016 3892 commeatum
1036 3838 1209 3893 nihilominus
1222 3838 1348 3890 faciebat

247 3913 328 3963 tertio
347 3922 435 3964 autem
454 3913 498 3964 die
525 3921 663 3981 postquam
682 3913 840 3982 llierapoliu
869 3914 978 3963 advenit
1002 3911 1109 3963 ridebat
1126 3910 1228 3963 Arabes
1249 3911 1348 3961 circum

247 3980 389 4034 affluentes
409 3993 436 4035 et
453 3991 632 4036 monstrantes
663 3983 739 4036 vultu
768 3983 878 4047 bellum,
898 3984 944 4034 sed
963 3991 992 4033 ut
1016 3984 1158 4034 edmarus
1178 3982 1305 4033 venirent
1323 3988 1350 4031 et

217 4070 223 4078 ¹
248 4054 477 4120 congrederentur
502 4071 562 4106 cum
591 4056 700 4108 Graecis
724 4071 780 4107 non
806 4057 913 4107 luerunt
940 4055 1032 4117 fortes,
1058 4054 1110 4106 nisi
1130 4054 1200 4122 quod
1219 4052 1348 4104 nonnulla

247 4123 353 4190 proelia
381 4127 542 4195 quorundam
572 4130 769 4180 excurrentium
801 4136 827 4178 et
855 4127 914 4177 acie
942 4126 1120 4178 exsilientium
1149 4124 1297 4178 instabant·
1323 4131 1349 4174 et

250 4198 432 4262 procedebant
442 4198 535 4253 Graeci
549 4199 655 4268 quidem
674 4198 811 4253 ordinibus
826 4199 969 4253 secundum
989 4193 1122 4252 centurias
1142 4203 1169 4248 et
1185 4195 1345 4265 phalangett
