2967 4825
249 262 299 334 νο
427 290 430 293 ’
539 243 765 334 κισπιετιε
789 259 1079 333 amasiorum.

251 527 306 594 διά
328 528 438 596 πάντα.
466 524 580 595 ’ἄλλοι
600 527 654 594 όιοὶ
691 528 925 615 σωφρονισμῶν
954 528 1015 592 τοόν
1033 531 1225 609 μετέπειτα..
1252 549 1351 606 μονο-

251 635 346 713 νουχί
366 637 422 696 τοῦ
438 632 688 714 μεταλλάξαντος
709 628 856 695 κόλασιν·
897 632 1070 709 συνέβαλον
1083 625 1144 710 γάρ
1168 626 1224 709 τήν
1246 626 1350 709 μετά-

147 733 153 745 ’
251 756 340 799 νοεαν
361 728 406 799 ότι
425 732 481 817 τήν
502 735 593 797 θείαν
618 734 864 817 φιλανθρωπίαν
884 734 1062 797 ἐκκαλεῖται
1084 728 1164 813 πρός
1186 725 1282 793 ἔλεον.
1320 725 1350 791 οἱ
1463 736 1464 815 l

229 837 289 899 ·δᾶ
309 835 428 899 τούτων
459 837 593 899 ἐναντίοι
621 833 941 915 μετόμελονθρέψαι
969 828 1024 895 τόν
1056 823 1158 913 ἄνδρα
1189 829 1267 911 μετὰ
1290 826 1377 912 τήν5
1463 824 1464 829 ’

253 935 460 1020 ἀναχώρησιν
492 932 614 1018 ἔλεγον,
644 933 699 999 καί
727 930 806 998 κατὰ
838 936 934 997 τοῦτο
966 936 1023 1017 τής
1045 930 1272 1015 μεταβιοόσεως
1303 928 1348 1014 μή

252 1037 449 1101 ἀπόνασθαι.
502 1032 531 1099 οἱ
554 1039 589 1101 δὲ
609 1034 645 1099 τό
677 1034 798 1120 ῥεόσαν
822 1030 999 1118 ἁγιωσύνης
1020 1030 1110 1118 ἔργον
1131 1036 1271 1097 ἐτίθεντο
1295 1034 1350 1095 διό

117 1162 150 1195 .·
204 1173 207 1179 -
251 1133 311 1219 τήν
329 1135 535 1232 petulantius
563 1140 683 1256 μᾶλλον
704 1135 893 1216 μετάνοιαν,
918 1140 973 1199 καί
1004 1131 1037 1199 τό
1062 1134 1231 1217 δειχθῆναι
1254 1136 1353 1198 πᾶσιν

253 1260 297 1311 ως
319 1238 376 1300 οάκ
398 1235 481 1302 ἔστιν
503 1237 681 1322 αμάρτημα
702 1235 735 1301 τό
766 1233 824 1321 τήν
844 1238 938 1301 θείαν
961 1229 1127 1315 εὐμένειαν
1148 1231 1351 1316 βιαζόμενον,

252 1339 284 1402 εἰ
302 1340 365 1403 τῶν
386 1363 492 1405 κακων
514 1365 561 1414 τις
578 1340 721 1416 ἑκκλινας
742 1336 777 1401 τό
802 1336 926 1421 ἀγαθόν
948 1338 1058 1402 ἕλοιτο.
1103 1332 1164 1419 ε’γοό
1183 1335 1263 1399 δὲ
1222 1356 1351 1421 αμφο.
1336 1358 1398 1412 ,11

253 1440 355 1521 τίρων
373 1438 429 1525 τήν
449 1439 583 1525 γνώμην·
596 1441 835 1523 ε’παποθὲχομαι
858 1441 901 1525 τῷ
924 1437 981 1521 τήν
992 1440 1052 1518 μὲν
1072 1433 1244 1520 κωλυτικήν
1268 1432 1354 1499 εἶναι

252 1536 430 1618 μελλόντων
458 1543 582 1621 κακῶν,
606 1538 664 1626 τήν
691 1542 727 1603 δὲ
761 1536 991 1622 προτρεπτικόν
1030 1534 1090 1600 ἀπό
1125 1534 1182 1600 τοό
1211 1534 1354 1617 χείρονος

254 1640 333 1724 πρός
353 1639 387 1706 τό
411 1646 550 1725 βέλτιον·
592 1644 648 1706 καί
668 1637 799 1714 οὐδενός
819 1639 875 1724 τήν
897 1634 979 1724 ήττω
1009 1639 1287 1724 καταψηφίζομαι.

353 1744 434 1807 Ἀλλ’
468 1740 487 1805 ό
506 1766 563 1824 μοι
590 1746 690 1826 λέγειν
712 1740 729 1805 ό
750 1739 840 1825 λόγος
862 1734 1004 1861 ὥρμητο,
1037 1736 1264 1821 ἐπιλαβόμενος
1289 1742 1355 1803 τεόν

98 1757 243 1957 ἓξὲξ
236 1848 426 1925 ·βασιλικάν
446 1845 613 1928 σκήπτρων
636 1840 910 1916 Κωνσταντινος(
898 1866 913 1905 ο
936 1841 1062 1915 Δοόκας
1094 1838 1289 1925 συνήθροισε
1311 1864 1354 1903 τα
1366 1856 1400 1908 15

253 1952 418 2024 σωματεῖα
440 1946 493 2027 τῆς
517 1943 646 2024 πόλεως,
673 1943 729 2009 καί
757 1941 869 2028 λόγους
899 1944 1068 2017 ἐπιεικείας
1096 1946 1251 2026 γέμοντας
1278 1944 1355 2027 ἐδη-

252 2046 413 2165 μηγόρησε
434 2044 515 2128 πρός
536 2044 665 2131 αὐτούς,
683 2040 783 2127 “ἒμὲ’
807 2042 949 2130 φήσας,“
963 2072 987 2109 ω
975 2035 1132 2128 ανδρες,
1146 2046 1282 2125 βασιλέα
1301 2068 1356 2109 τε·

248 428 306 510 τήν
327 434 388 493 τῶν
410 431 526 494 ναῖκαόν
557 432 619 497 καί(
644 428 813 493 ἰδιωτικῶν
842 424 1007 510 κτημάτων
1035 423 1223 511 ἀφαίρεσιν,
1244 424 1350 506 ἕτερον

253 2209 402 2333 μεγίστης
421 2250 512 2331 τιμῆς
532 2252 682 2333 πεποίηκε
702 2253 852 2330 μέτοχον.
906 2247 967 2331 ἐγω
991 2251 1026 2313 δὲ
1049 2242 1105 2311 ola
1133 2241 1172 2311 όν
1193 2246 1397 2331 ψεόσαιμι

252 2351 310 2430 τός
332 2347 414 2434 πρός
436 2348 554 2445 ἐκεῖνον
585 2346 766 2435 συνθήκας,
790 2347 861 2415 ἀλλ’
883 2349 1019 2440 εάμενής
1048 2352 1104 2414 καί
1122 2350 1401 2435 ,φιλόνθρωποςηρ

253 2450 379 2535 ἔσομαι,
400 2453 504 2537 πατήρ
536 2476 570 2515 τε
602 2460 668 2527 τοῖς
689 2455 787 2534 νέοις,
811 2453 865 2516 καί
891 2459 956 2528 τοῖς
985 2450 1086 2536 itate»
1117 2450 1358 2554 ἀδελφός,.καί

327 2644 352 2695 1.
370 2636 421 2710 τήν
441 2659 485 2696 orn
503 2641 533 2698 G.
641 2645 668 2697 2.
689 2639 919 2719 composueratis?
942 2658 1005 2696 mox
1022 2642 1078 2698 biat
1096 2643 1191 2698 oratio.
1310 2644 1355 2698 11.

324 2715 579 2788 ἐπαποάεχόμενος
599 2714 629 2771 (λ.
881 2741 899 2782 0

255 2882 347 2947 risque
371 2881 512 2946 quotannis
539 2896 553 2930 a
576 2879 661 2946 regiis
684 2879 817 2935 thesauris
835 2882 981 2946 durentur,
1002 2880 1048 2932 alii
1067 2888 1176 2947 propter
1194 2880 1357 2948 templorum

257 2959 285 3002 et
302 2951 464 3034 privatarum
483 2954 681 3018 possessionum
699 2951 892 3021 abreptionem,
912 2952 959 3004 alii
977 2961 1087 3020 proptor
1105 2955 1201 3018 omnia,
1222 2952 1269 3005 alii
1288 2968 1356 3019 pro.

257 3030 317 3089 pter
340 3023 544 3106 castigationum
570 3024 714 3076 futurarum
739 3041 825 3100 paene
852 3025 971 3076 defuncti
999 3039 1121 3091 poenam.
1167 3023 1358 3091 intelligebant

169 3107 177 3118 ε
258 3094 329 3145 enim
347 3095 537 3159 poenitentiam
557 3096 627 3179 quod
639 3093 757 3149 divinam
766 3097 957 3166 benignitatem
977 3105 1073 3148 evocat
1091 3097 1123 3148 ad
1138 3096 1355 3150 misericordiam.

257 3165 352 3216 borum
370 3174 457 3218 autem
477 3168 603 3219 contrarii
622 3169 814 3234 poenitentiam
834 3168 958 3220 babuisse
977 3169 1063 3219 virum
1083 3176 1144 3235 post
1162 3183 1298 3221 secessum
1311 3167 1356 3218 di.

258 3236 363 3301 cebant,
383 3239 523 3290 ethaam
542 3254 571 3290 re
591 3242 648 3290 vila
663 3250 794 3309 sequente
818 3255 871 3292 non
891 3241 958 3291 frui.
977 3239 1024 3290 alii
1044 3249 1131 3292 autem
1149 3239 1176 3291 id
1194 3241 1264 3308 quod
1285 3238 1355 3292 flua.

257 3308 311 3372 bat,
330 3311 478 3363 sanctitatis
496 3311 600 3380 signnm
621 3313 771 3365 statuebant
795 3319 904 3380 propter
930 3313 1057 3362 maiorem
1075 3311 1186 3378 posthac
1211 3312 1356 3378 poeniten.

257 3382 320 3431 tiam
338 3390 365 3432 et
382 3383 417 3434 ad
433 3382 595 3450 probandum
615 3384 745 3448 omnibns,
763 3397 817 3436 non
837 3399 897 3435 esse
915 3383 1144 3452 peccatum‚quod
1159 3384 1276 3436 divinam
1295 3383 1356 3434 cle.

252 3454 381 3504 'rrrontinm
400 3464 504 3523 urgeat,
523 3457 546 3507 si
564 3455 624 3522 quis
642 3455 719 3507 malis
737 3471 767 3507 sc
785 3454 929 3508 deflectens
948 3455 1046 3506 bonurn
1066 3453 1189 3523 eligeret.
1227 3470 1278 3523 ego
1304 3471 1355 3506 au.

258 3533 312 3575 tam
336 3534 507 3594 utrorumque
534 3528 692 3577 seutentiam
719 3527 821 3578 reddidi
849 3526 916 3577 hano
941 3526 975 3578 ob
996 3542 1051 3577 rem
1070 3527 1141 3594 quod
1159 3526 1244 3578 altera
1263 3542 1356 3578 arcere

258 3597 377 3663 possita
395 3598 490 3649 futuris
509 3597 603 3660 malis,
623 3596 708 3650 altera
726 3599 866 3649 advertere
885 3600 1002 3664 possita
1020 3601 1115 3665 peiora
1133 3597 1166 3649 ad
1184 3598 1299 3662 melius,
1328 3605 1356 3648 ct

258 3674 379 3716 neumam
399 3677 428 3718 ut
446 3670 600 3718 inferiorem
625 3667 729 3720 damno.

359 3753 411 3806 Sed
429 3755 456 3806 id
474 3755 544 3822 quod
555 3755 620 3805 mibi
638 3757 729 3807 dicere
749 3759 833 3808 oratio
853 3758 986 3821 tendebat,
1005 3759 1122 3825 receptis
1140 3758 1224 3824 regiis
1242 3759 1355 3824 sceptris

261 3830 448 3884 Constantinus
467 3829 553 3880 Ducas
573 3831 663 3896 coegit
681 3829 798 3899 collegia
817 3832 888 3883 urbis
909 3840 935 3882 ct
954 3832 1088 3882 orationes
1108 3829 1249 3880 clementia
1266 3829 1354 3880 retes.

258 3912 299 3954 tus
318 3899 410 3951 babuit
427 3901 460 3951 ad
478 3915 545 3964 eos,
565 3917 624 3952 curu
642 3902 761 3953 diceret:
781 3917 837 3968 ma,
857 3904 928 3966 viri,
948 3918 1006 3953 cum
1026 3917 1117 3968 regom
1135 3901 1354 3955 reddideritter.

259 3987 352 4025 renum
370 3971 419 4023 ille
438 3973 530 4039 quiin
549 3973 633 4024 coelis
652 3983 748 4042 regnat
767 3977 882 4026 omnium
901 3976 1007 4025 maximi
1026 3974 1137 4038 bononis
1157 3973 1221 4023 lecit
1240 3974 1353 4040 partici-

258 4059 328 4112 pem.
367 4057 418 4110 ego
437 4052 523 4093 autem
541 4060 595 4095 non
614 4044 705 4096 iollam
723 4047 795 4098 datas
816 4046 858 4097 illi
876 4047 1082 4113 promissiones,
1107 4045 1155 4096 sed
1180 4043 1299 4096 clemens
1329 4051 1355 4094 et

260 4118 389 4168 humanus
408 4130 465 4179 ero,
485 4124 560 4183 patcr
578 4117 803 4182 adolescentibus,
825 4125 852 4169 et
868 4114 1026 4186 aequalibus
1046 4118 1138 4180 irater,
1158 4125 1185 4168 et
1202 4117 1288 4183 scipio
1308 4131 1354 4168 sa-

173 4210 188 4238 e
260 4187 339 4242 nibus
359 4194 387 4237 et
401 4201 468 4252 puer
487 4188 676 4240 constitutione
696 4197 723 4240 et
740 4189 921 4242 aemulatione
938 4195 1057 4242 σκευασα.
1096 4190 1205 4241 eveniet
1221 4195 1309 4240 autem
1327 4189 1354 4238 in
