2967 4825
200 263 206 280 “
253 292 325 373 rua
409 380 432 401 ,ι
529 279 774 369 'nonaum
804 292 1065 369 unanimus

250 458 473 560 στρατόπεδον.
514 468 615 558 ἐφάνη
648 474 684 537 dd
717 470 774 537 καί
803 474 898 537 τοῦτο
916 478 982 547 τοῖς
1009 465 1354 555 στρατοπεδευομένοις

251 574 310 641 ου’κ
332 566 464 640 εὔθετον
481 579 601 657 θέαμα.

349 670 574 745 Austorianis
599 678 721 763 ἡμέραν
750 680 784 756 ἐξ
812 677 932 760 ἡμέρας
957 674 1012 759 τήν
1039 673 1245 757 προκειμένην
1264 662 1355 748 ὁδόν,

251 783 400 864 κατέλαβε
434 776 693 865 κη’νΙΘεοδοσίου
724 775 832 859 πόλιν,
864 776 918 843 ἐπί
937 779 996 858 μὲν
1015 775 1057 863 τῷ
1079 769 1223 857 προτοῦ
1244 769 1354 859 χρόνῳ

248 885 532 968 παραμεληθεῖσαν
563 883 619 945 καί
646 881 793 966 αόίιιητον
820 882 986 964 γενομένην
1013 873 1067 942 διὰ
1088 872 1122 941 τέ
1145 877 1179 939 ἐν
1200 874 1236 960 τῇ
1258 877 1383 935 πολι-5
1440 880 1445 885 ’

248 986 317 1070 τείρ
337 985 396 1048 τὀὕ
411 974 513 1066 Ἀρζη
535 983 666 1068 πλησίον
687 975 768 1071 οὔσῃ
790 984 845 1046 καί
872 983 904 1046 ἐν
929 982 1012 1067 καλῷ
1033 980 1087 1061 τῆς
1119 978 1239 1051 θέσεως
1264 968 1354 1054 ἐρω-
1445 994 1450 1000 ·

248 1086 328 1173 μένῃ
350 1087 548 1165 μεταθέσθαι
581 1081 655 1161 τούς
686 1083 876 1168 ἀνθρώπους
898 1079 955 1165 τὴν
977 1078 1116 1164 οἴκησιν,
1136 1078 1191 1141 καί
1212 1072 1355 1158 μεγάλην

249 1186 474 1268 ἐγκαταστῆσαι
501 1185 682 1267 χωρόπολιν
714 1184 769 1249 κατ’
789 1186 945 1248 παντοίων
974 1181 1096 1262 οδνίων,
1119 1174 1179 1245 ὅσοι
1201 1167 1354 1260 Περσική

250 1309 285 1350 τε
305 1285 361 1350 καί
378 1282 488 1369 Ἰνδική
509 1284 563 1349 καί
588 1284 718 1370 ἦλαιτιῆ
740 1286 833 1351 Ἀσία
856 1288 966 1369 φέρει,
991 1285 1109 1367 πλῆθος
1131 1278 1189 1343 oria
1210 1275 1355 1356 εδαρίθ-

205 1444 209 1453 .
248 1411 347 1473 μητον
368 1391 541 1474 φέρουσαν,
562 1384 623 1472 πρὸ
648 1388 761 1470 ὀλίγων
778 1389 813 1451 δὲ
834 1385 956 1469 χρόνων
971 1383 1274 1465 δνοικοδομηθεῖσαν
1294 1380 1358 1441 καί
1368 1384 1406 1436 to

250 1492 545 1572 κατοχυρωθεϊοαν,
566 1486 622 1573 τὴν
647 1491 821 1553 Θεοδοσίου
851 1485 940 1550 πόλιν
961 1484 1052 1567 λέγω,
1073 1482 1187 1571 τάφρῳ
1208 1478 1261 1544 κατ’
1281 1482 1357 1543 τεί-
1449 1489 1455 1498 “

248 1611 322 1671 χεσι
347 1586 401 1653 διὰ
424 1584 480 1670 τὴν
502 1591 564 1654 ταῖν
593 1585 741 1673 Τοίρκων
763 1590 797 1652 ἐκ
819 1591 876 1652 τοῦ
895 1587 1083 1652 α’νελπίστου
1106 1584 1286 1667 γειτνίασιν,
1307 1582 1356 1645 δι’

249 1679 295 1753 obv
315 1689 349 1765 ἐξ
369 1690 543 1783 ἐπιδρομῆς
564 1684 585 1773 ἧ
606 1688 749 1752 πολιτεία
769 1692 825 1753 τοῦ
838 1682 957 1772 Ἄρτζη
982 1682 1169 1769 παμπληθεῖ
1185 1682 1241 1766 τήν
1261 1706 1356 1768 σφα-

249 1786 308 1872 γὴν
331 1789 543 1873 προδπέμεινε
564 1792 619 1855 καί
638 1788 694 1873 τὴν
716 1783 845 1854 ἅλωσιν.
905 1792 1005 1854 ἐκεῖσε
1026 1790 1128 1885 τοίνυν
1149 1785 1310 1866 ἐπιμείνας
1338 1782 1357 1846 ὅ

248 1885 401 1969 βασιλεές
431 1887 487 1953 οὔκ
516 1888 624 1974 σ’λίγτις
655 1889 777 1972 ἡμέρας
810 1888 1076 1975 διεκηρυκεύσατο
1104 1889 1183 1952 ποῖοι
1204 1886 1354 1969 ,διμήνου
1368 1896 1406 1947 15

215 2066 221 2073 ³
249 1996 386 2076 τροφαῖς
406 1990 651 2076 ἐφοδιασθῆναι,
672 1990 714 2067 ὥς
736 1988 791 2055 διαὶ
823 1991 933 2076 χώρας
966 1988 1115 2073 ἀοικήτου
1138 1987 1193 2053 καί
1211 2010 1356 2052 καταπε-

159 2171 161 2177 ,
249 2095 428 2175 πατημίνης
455 2098 517 2166 τοϊς
541 2088 646 2156 ἔθνεσι
677 2093 928 2177 διαπορεύεσθαι
954 2097 1120 2173 μέλλουσι.
1153 2092 1291 2155 ,πάντων
1312 2090 1355 2153 δὲ

249 2190 285 2253 τὸ
308 2194 492 2275 προσαχθὲν
512 2194 553 2256 δι’
576 2192 757 2274 ἐπιμελειάς
777 2197 1017 2277 ποιησαμένων,
1041 2195 1268 2277 προαπέστειλε
1290 2190 1355 2272 μὲν

249 2290 265 2357 ὃ
287 2291 439 2376 βασιλεὺς
457 2291 490 2357 ἐκ
513 2297 571 2359 τοῦ
591 2296 828 2381 μιαθοφορικοῦ
847 2292 975 2369 Σκύθας
995 2297 1040 2369 εἰς
1061 2296 1120 2358 τοῦ
1140 2296 1247 2358 Χλίοιτ
1268 2314 1357 2374 προ-

248 2396 346 2480 νομήν
368 2419 401 2461 τε
421 2396 475 2459 καί
497 2393 731 2476 διασκύλευσιν,
753 2398 844 2461 τοῦτο
875 2397 930 2460 καί
953 2394 1105 2480 πρότερον
1127 2386 1356 2478 ποιησάμενος,
1366 2404 1407 2460 20

248 2499 452 2576 ἐποιπέστειλε
467 2499 502 2562 δὲ
519 2495 574 2562 καί
580 2495 765 2581 Γερμανοὺς
785 2495 860 2574 τούς
883 2497 1068 2581 λεγομένους
1082 2497 1248 2582 Φράγγους
1269 2495 1357 2577 μετά

248 2622 330 2674 τινος
350 2599 527 2684 ἡγουμένου
544 2597 675 2680 τούτων,
696 2593 814 2680 ἀνδρὸς
837 2600 1009 2675 είσθενοῦς
1025 2587 1106 2669 κατοέ
1122 2606 1236 2682 χεῖρα·
1253 2596 1364 2664 Ῥου-’

247 2687 349 2776 σέλιος
372 2697 529 2789 ταύτηντὸ
553 2691 663 2783 ὄνομα.
695 2703 811 2777 ἐκεῖνος
833 2703 868 2766 δὲ
890 2697 969 2785 μετὰ
991 2701 1045 2784 τῆς
1066 2700 1177 2784 λοιπῆς
1199 2701 1357 2783 στρατιᾶς

251 2979 409 3048 curopalate
430 2978 577 3034 comneno.
617 2989 644 3034 et
662 2981 779 3035 Graecus
802 2983 906 3052 quidem
927 2983 1060 3036 exereitus
1086 2983 1173 3034 victus
1198 2989 1262 3034 erat.
1299 2997 1357 3051 ap.

197 3099 200 3103 ,
250 3053 340 3120 paruit
358 3059 445 3104 antem
465 3053 544 3104 etiam
563 3051 608 3104 bie
626 3053 756 3106 militibus
774 3069 828 3107 non
847 3053 916 3106 bene
936 3055 1110 3123 compositum
1139 3053 1358 3127 spectaculum:

350 3140 527 3210 Progrediens
553 3143 636 3212 igitur
661 3144 730 3194 diem
757 3159 791 3195 ex
809 3144 852 3196 die
879 3144 1017 3210 proposita
1035 3144 1080 3194 via
1099 3143 1243 3210 occuparit
1260 3142 1357 3194 Theo.

250 3213 319 3266 dosii
338 3214 440 3279 urbem,
460 3230 528 3282 quae
548 3215 732 3282 superioribus
758 3216 836 3268 anuis
852 3213 979 3284 neglecta
1005 3223 1031 3266 et
1050 3215 1155 3266 deserta
1175 3214 1270 3278 luerat,
1291 3231 1357 3266 eum

248 3284 278 3335 in
298 3285 434 3338 civitatem
453 3286 541 3337 llrsae
560 3285 645 3354 prope
665 3287 741 3338 sitam
762 3296 789 3338 et
815 3287 886 3339 bono
906 3287 959 3340 situ
978 3295 1148 3354 apparentem
1167 3287 1357 3353 transposuis-

249 3364 309 3409 seut
327 3356 491 3409 domicilium
511 3365 539 3408 et
558 3373 683 3427 magnum
703 3359 905 3411 constituissent
930 3359 1053 3425 oppidum
1081 3367 1107 3410 et
1125 3358 1257 3409 variarum
1276 3373 1357 3410 mer.

248 3430 334 3493 cium,
363 3436 494 3497 quotquot
523 3427 612 3481 Persis
646 3438 673 3480 et
695 3429 772 3480 ludia
799 3437 826 3480 et
848 3427 952 3498 reliqua
983 3429 1047 3481 Asia
1078 3429 1200 3496 profert,
1228 3429 1357 3481 multitu.

233 3500 338 3551 'dinem
362 3499 583 3551 innumerabilem
610 3500 715 3564 fereuu3
742 3517 811 3568 quae
835 3509 923 3553 tamen
949 3508 1010 3557 ante
1035 3516 1135 3568 paucos
1163 3514 1246 3552 annos
1266 3503 1357 3553 resti-

249 3577 306 3621 tuta
331 3577 358 3621 et
381 3570 482 3621 lirmata
508 3578 580 3636 erat,
606 3572 748 3623 Theodosii
776 3572 868 3624 urbem
891 3573 966 3637 dico,
993 3572 1065 3625 fossa
1083 3581 1116 3627 ‚et
1139 3573 1220 3625 uiuris
1240 3581 1356 3640 proptor
1384 3613 1385 3620 ,

250 3641 392 3693 'furcarum
417 3639 626 3708 inexspectatum
651 3643 827 3706 vicinitatem,
853 3659 964 3712 quorum
988 3644 1141 3700 incursione
1170 3645 1265 3696 civitas
1283 3645 1355 3698 Art·
1378 3673 1382 3681 ·

251 3727 300 3762 sae
325 3726 434 3777 prorsus
464 3713 570 3762 eaedem
605 3713 775 3780 exspectabat
804 3722 832 3766 et
862 3715 1072 3782 occupationem.
1121 3715 1158 3767 ibi
1183 3717 1265 3784 igitur
1283 3731 1355 3768 ver.

251 3789 322 3834 satus
347 3797 396 3832 rex
420 3795 474 3834 nou
501 3797 601 3848 paucos
627 3785 685 3836 dies
710 3785 793 3837 edixit
815 3794 844 3837 ut
868 3801 958 3839 omues
984 3786 1116 3838 alimentis
1142 3787 1252 3838 duorum
1271 3803 1355 3839 men.

250 3853 317 3905 sium
336 3853 423 3920 spatio
447 3855 643 3906 instruerentur
663 3864 692 3906 ut
711 3871 760 3921 per
786 3865 891 3928 terramx
903 3858 1033 3910 desertam
1060 3867 1086 3910 et
1110 3874 1126 3909 a
1150 3861 1261 3926 paganis
1290 3859 1355 3910 cal.

253 3932 336 3976 catam
355 3923 513 3991 profecturi.
551 3935 689 3995 postquam
710 3942 801 3980 ornnes
819 3930 974 3995 imperatum
999 3929 1144 3997 diligenter
1162 3930 1356 3998 perfecissent,

251 3997 340 4046 emisit
358 4011 407 4046 rox
426 4012 458 4049 ex
483 4000 656 4050 mercenariis
675 3997 787 4064 Scythas
816 4000 848 4050 ad
867 3999 958 4053 cutiae
976 4002 1152 4067 praedandum
1173 4011 1200 4053 et
1217 4003 1356 4069 diripien-

224 4059 324 4131 'dnm,
344 4082 401 4117 curn
420 4067 473 4119 hoc
494 4070 573 4120 etiarn
593 4079 671 4122 antea
691 4070 815 4123 lecisset:
840 4071 913 4122 misit
930 4079 1070 4138 praeterea
1096 4074 1175 4127 etiarn
1194 4075 1356 4140 Germanos,

224 4177 228 4186 .
248 4136 366 4190 Francos
385 4137 480 4204 dictos,
500 4156 559 4190 cum
579 4143 691 4209 quodam
710 4140 761 4194 hos
783 4143 898 4193 ducente
916 4144 975 4194 viro
994 4160 1072 4196 manu
1091 4153 1214 4213 prompto
1234 4145 1357 4215 (Rusel-

222 4273 224 4279 Ι
248 4208 300 4263 lius
319 4208 382 4261 boio
401 4218 458 4263 erat
475 4216 598 4282 nomen).
635 4213 685 4264 ille
709 4221 798 4266 antem
818 4228 875 4266 oum
894 4213 999 4284 reliquo
1027 4217 1148 4270 exercitu
1167 4225 1275 4272 secutus
1294 4232 1356 4270 non
