<?xml version="1.0" encoding="UTF-8"?>
<!DOCTYPE html PUBLIC "-//W3C//DTD XHTML 1.0 Transitional//EN"
    "http://www.w3.org/TR/xhtml1/DTD/xhtml1-transitional.dtd">
<html xmlns="http://www.w3.org/1999/xhtml" xml:lang="en" lang="en">
 <head>
  <title>
</title>
<meta http-equiv="Content-Type" content="text/html;charset=utf-8" />
  <meta name='ocr-system' content='tesseract 3.04.00' />
  <meta name='ocr-capabilities' content='ocr_page ocr_carea ocr_par ocr_line ocrx_word'/>
</head>
<body>
  <div class='ocr_page' id='page_1' title='image "./corpusscriptoru41theogoog/corpusscriptoru41theogoog_0232.png"; bbox 0 0 2967 4825; ppageno 0'>
   <div class='ocr_carea' id='block_1_1' title="bbox 999 68 1006 77">
    <p class='ocr_par' dir='ltr' id='par_1_1' title="bbox 999 68 1006 77">
     <span class='ocr_line' id='line_1_1' title="bbox 999 68 1006 77; baseline 0 0"><span class='ocrx_word' id='word_1_1' title='bbox 999 68 1006 77; x_wconf 73' lang='grc' dir='ltr'><em>ι</em></span> 
     </span>
    </p>
   </div>
   <div class='ocr_carea' id='block_1_2' title="bbox 267 176 1068 275">
    <p class='ocr_par' dir='ltr' id='par_1_2' title="bbox 267 176 1068 275">
     <span class='ocr_line' id='line_1_2' title="bbox 267 176 1068 275; baseline -0.015 -12"><span class='ocrx_word' id='word_1_2' title='bbox 267 176 343 275; x_wconf 78' lang='lat' dir='ltr'><strong>asa</strong></span> <span class='ocrx_word' id='word_1_3' title='bbox 558 186 777 263; x_wconf 74' lang='lat' dir='ltr'><strong>mandatas</strong></span> <span class='ocrx_word' id='word_1_4' title='bbox 808 176 1068 257; x_wconf 75' lang='lat' dir='ltr'><strong>imminuta</strong></span> 
     </span>
    </p>
   </div>
   <div class='ocr_carea' id='block_1_3' title="bbox 137 319 1467 2682">
    <p class='ocr_par' dir='ltr' id='par_1_3' title="bbox 137 319 1467 2682">
     <span class='ocr_line' id='line_1_3' title="bbox 264 319 1369 455; baseline -0.024 -22.952"><span class='ocrx_word' id='word_1_5' title='bbox 264 361 361 455; x_wconf 77' lang='grc' dir='ltr'><strong><em>βόλφ.</em></strong></span> <span class='ocrx_word' id='word_1_6' title='bbox 403 319 647 443; x_wconf 76' lang='grc' dir='ltr'><strong><em>διαλάμπουσαν</em></strong></span> <span class='ocrx_word' id='word_1_7' title='bbox 670 356 731 443; x_wconf 87' lang='grc' dir='ltr'><strong>γάρ</strong></span> <span class='ocrx_word' id='word_1_8' title='bbox 749 340 833 439; x_wconf 77' lang='grc' dir='ltr'><strong><em>ἔχων</em></strong></span> <span class='ocrx_word' id='word_1_9' title='bbox 855 350 911 437; x_wconf 75' lang='grc' dir='ltr'><strong>τὴν</strong></span> <span class='ocrx_word' id='word_1_10' title='bbox 932 341 1009 433; x_wconf 72' lang='grc' dir='ltr'><strong><em>’όψιν</em></strong></span> <span class='ocrx_word' id='word_1_11' title='bbox 1031 337 1181 432; x_wconf 72' lang='grc' dir='ltr'><strong><em>ἀκράτοις</em></strong></span> <span class='ocrx_word' id='word_1_12' title='bbox 1202 348 1267 418; x_wconf 71' lang='grc' dir='ltr'><strong><em>τοῖς</em></strong></span> <span class='ocrx_word' id='word_1_13' title='bbox 1287 342 1369 425; x_wconf 73' lang='grc' dir='ltr'><strong><em>ἕρν-</em></strong></span> 
     </span>
     <span class='ocr_line' id='line_1_4' title="bbox 267 442 1368 551; baseline -0.024 -20"><span class='ocrx_word' id='word_1_14' title='bbox 267 465 405 551; x_wconf 82' lang='grc' dir='ltr'><strong><em>θὴμαστ,</em></strong></span> <span class='ocrx_word' id='word_1_15' title='bbox 425 460 499 535; x_wconf 87' lang='grc' dir='ltr'><strong><em>τοός</em></strong></span> <span class='ocrx_word' id='word_1_16' title='bbox 521 456 712 545; x_wconf 86' lang='grc' dir='ltr'><strong><em>όφθαλμοός</em></strong></span> <span class='ocrx_word' id='word_1_17' title='bbox 735 454 862 523; x_wconf 79' lang='grc' dir='ltr'><strong><em>ε’δεικνυ</em></strong></span> <span class='ocrx_word' id='word_1_18' title='bbox 882 456 1024 537; x_wconf 76' lang='grc' dir='ltr'><strong><em>χαρίτων</em></strong></span> <span class='ocrx_word' id='word_1_19' title='bbox 1044 443 1193 530; x_wconf 84' lang='grc' dir='ltr'><strong><em>μεστοός,</em></strong></span> <span class='ocrx_word' id='word_1_20' title='bbox 1209 442 1243 509; x_wconf 88' lang='grc' dir='ltr'><strong>τό</strong></span> <span class='ocrx_word' id='word_1_21' title='bbox 1264 445 1368 525; x_wconf 83' lang='grc' dir='ltr'><strong><em>μόλον</em></strong></span> 
     </span>
     <span class='ocr_line' id='line_1_5' title="bbox 268 537 1368 649; baseline -0.022 -18"><span class='ocrx_word' id='word_1_22' title='bbox 268 558 404 649; x_wconf 82' lang='grc' dir='ltr'><strong><em>άνιρατον</em></strong></span> <span class='ocrx_word' id='word_1_23' title='bbox 402 559 540 641; x_wconf 80' lang='grc' dir='ltr'><strong><em>ἔξωθεν</em></strong></span> <span class='ocrx_word' id='word_1_24' title='bbox 560 560 740 647; x_wconf 80' lang='grc' dir='ltr'><strong><em>ε’πιτρέχον</em></strong></span> <span class='ocrx_word' id='word_1_25' title='bbox 745 551 1008 628; x_wconf 83' lang='grc' dir='ltr'><strong><em>όποδειιινόοντας</em></strong></span> <span class='ocrx_word' id='word_1_26' title='bbox 1026 575 1078 616; x_wconf 88' lang='grc' dir='ltr'><strong>κατ</strong></span> <span class='ocrx_word' id='word_1_27' title='bbox 1073 544 1208 623; x_wconf 84' lang='grc' dir='ltr'><strong><em>κάλλος</em></strong></span> <span class='ocrx_word' id='word_1_28' title='bbox 1228 537 1368 629; x_wconf 86' lang='grc' dir='ltr'><strong><em>άρρητον</em></strong></span> 
     </span>
     <span class='ocr_line' id='line_1_6' title="bbox 267 646 1368 745; baseline -0.025 -11"><span class='ocrx_word' id='word_1_29' title='bbox 267 665 398 734; x_wconf 76' lang='grc' dir='ltr'><strong><em>ἔνδοθεν</em></strong></span> <span class='ocrx_word' id='word_1_30' title='bbox 429 664 699 745; x_wconf 78' lang='grc' dir='ltr'><strong><em>άποοτιλβοντας,</em></strong></span> <span class='ocrx_word' id='word_1_31' title='bbox 735 657 792 745; x_wconf 79' lang='grc' dir='ltr'><strong>τήν</strong></span> <span class='ocrx_word' id='word_1_32' title='bbox 813 683 847 724; x_wconf 87' lang='grc' dir='ltr'><strong>τε</strong></span> <span class='ocrx_word' id='word_1_33' title='bbox 872 652 974 745; x_wconf 82' lang='grc' dir='ltr'><strong><em>όφρόν</em></strong></span> <span class='ocrx_word' id='word_1_34' title='bbox 1002 651 1255 737; x_wconf 81' lang='grc' dir='ltr'><strong><em>ὖπεραιρομὲνην</em></strong></span> <span class='ocrx_word' id='word_1_35' title='bbox 1277 646 1368 729; x_wconf 79' lang='grc' dir='ltr'><strong><em>δίκην</em></strong></span> 
     </span>
     <span class='ocr_line' id='line_1_7' title="bbox 267 748 1396 851; baseline -0.022 -19"><span class='ocrx_word' id='word_1_36' title='bbox 267 766 420 851; x_wconf 81' lang='grc' dir='ltr'><strong><em>άψῖδος’</em></strong></span> <span class='ocrx_word' id='word_1_37' title='bbox 405 790 439 832; x_wconf 86' lang='grc' dir='ltr'><strong>εν</strong></span> <span class='ocrx_word' id='word_1_38' title='bbox 459 760 554 851; x_wconf 79' lang='lat' dir='ltr'><strong>6pot&#39;p</strong></span> <span class='ocrx_word' id='word_1_39' title='bbox 574 787 627 826; x_wconf 82' lang='grc' dir='ltr'><strong>και</strong></span> <span class='ocrx_word' id='word_1_40' title='bbox 623 756 838 849; x_wconf 80' lang='grc' dir='ltr'><strong><em>αἰγευδοόση</em></strong></span> <span class='ocrx_word' id='word_1_41' title='bbox 859 759 962 845; x_wconf 73' lang='grc' dir='ltr'><strong><em>βαφῇ,</em></strong></span> <span class='ocrx_word' id='word_1_42' title='bbox 983 755 1039 819; x_wconf 82' lang='grc' dir='ltr'><strong><em>καί</em></strong></span> <span class='ocrx_word' id='word_1_43' title='bbox 1059 748 1092 818; x_wconf 90' lang='grc' dir='ltr'><strong>τό</strong></span> <span class='ocrx_word' id='word_1_44' title='bbox 1116 753 1261 831; x_wconf 83' lang='grc' dir='ltr'><strong><em>με’τοοπον</em></strong></span> <span class='ocrx_word' id='word_1_45' title='bbox 1285 767 1369 831; x_wconf 91' lang='grc' dir='ltr'><strong><em>φεγ-</em></strong></span> <span class='ocrx_word' id='word_1_46' title='bbox 1378 767 1396 820; x_wconf 87' lang='lat'>5</span> 
     </span>
     <span class='ocr_line' id='line_1_8' title="bbox 266 840 1370 953; baseline -0.02 -22"><span class='ocrx_word' id='word_1_47' title='bbox 266 868 410 953; x_wconf 75' lang='grc' dir='ltr'><strong><em>γοβόλοις</em></strong></span> <span class='ocrx_word' id='word_1_48' title='bbox 436 861 616 953; x_wconf 83' lang='grc' dir='ltr'><strong><em>προσεοικός</em></strong></span> <span class='ocrx_word' id='word_1_49' title='bbox 648 869 718 937; x_wconf 79' lang='grc' dir='ltr'><strong><em>ταῖς</em></strong></span> <span class='ocrx_word' id='word_1_50' title='bbox 749 866 997 947; x_wconf 74' lang='grc' dir='ltr'><strong><em>μαρμαρυγαῖς,</em></strong></span> <span class='ocrx_word' id='word_1_51' title='bbox 1028 856 1084 922; x_wconf 84' lang='grc' dir='ltr'><strong><em>καί</em></strong></span> <span class='ocrx_word' id='word_1_52' title='bbox 1111 849 1169 935; x_wconf 81' lang='grc' dir='ltr'><strong>τὴν</strong></span> <span class='ocrx_word' id='word_1_53' title='bbox 1189 840 1288 931; x_wconf 82' lang='grc' dir='ltr'><strong><em>άλλην</em></strong></span> <span class='ocrx_word' id='word_1_54' title='bbox 1310 848 1370 911; x_wconf 77' lang='grc' dir='ltr'><strong>τοῦ</strong></span> 
     </span>
     <span class='ocr_line' id='line_1_9' title="bbox 266 948 1370 1054; baseline -0.024 -20"><span class='ocrx_word' id='word_1_55' title='bbox 266 968 450 1054; x_wconf 77' lang='grc' dir='ltr'><strong><em>προσώπου</em></strong></span> <span class='ocrx_word' id='word_1_56' title='bbox 469 969 663 1033; x_wconf 84' lang='grc' dir='ltr'><strong><em>κατάστασιν</em></strong></span> <span class='ocrx_word' id='word_1_57' title='bbox 685 958 902 1047; x_wconf 82' lang='grc' dir='ltr'><strong><em>άναλογοῦσαν</em></strong></span> <span class='ocrx_word' id='word_1_58' title='bbox 931 961 975 1048; x_wconf 81' lang='grc' dir='ltr'><strong>τῷ</strong></span> <span class='ocrx_word' id='word_1_59' title='bbox 1003 953 1111 1022; x_wconf 88' lang='grc' dir='ltr'><strong><em>κάλλει</em></strong></span> <span class='ocrx_word' id='word_1_60' title='bbox 1141 953 1196 1015; x_wconf 80' lang='grc' dir='ltr'><strong><em>κατ’</em></strong></span> <span class='ocrx_word' id='word_1_61' title='bbox 1219 948 1370 1031; x_wconf 85' lang='grc' dir='ltr'><strong><em>δεότερον</em></strong></span> 
     </span>
     <span class='ocr_line' id='line_1_10' title="bbox 268 1041 1405 1157; baseline -0.024 -21"><span class='ocrx_word' id='word_1_62' title='bbox 268 1063 357 1157; x_wconf 81' lang='grc' dir='ltr'><strong><em>ἥλιον</em></strong></span> <span class='ocrx_word' id='word_1_63' title='bbox 377 1071 622 1155; x_wconf 83' lang='grc' dir='ltr'><strong><em>χειροτονοόσαν</em></strong></span> <span class='ocrx_word' id='word_1_64' title='bbox 642 1068 786 1149; x_wconf 74' lang='grc' dir='ltr'><strong><em>ἐπίγειον.</em></strong></span> <span class='ocrx_word' id='word_1_65' title='bbox 829 1087 884 1127; x_wconf 88' lang='grc' dir='ltr'><strong>και</strong></span> <span class='ocrx_word' id='word_1_66' title='bbox 880 1062 1061 1143; x_wconf 74' lang='grc' dir='ltr'><strong><em>θεαθῆναι</em></strong></span> <span class='ocrx_word' id='word_1_67' title='bbox 1082 1059 1140 1138; x_wconf 81' lang='grc' dir='ltr'><strong><em>μὲν</em></strong></span> <span class='ocrx_word' id='word_1_68' title='bbox 1160 1054 1300 1126; x_wconf 81' lang='grc' dir='ltr'><strong><em>τοιοῦτος</em></strong></span> <span class='ocrx_word' id='word_1_69' title='bbox 1318 1041 1405 1133; x_wconf 75' lang='grc' dir='ltr'><strong><em>ἦν,</em></strong></span> 
     </span>
     <span class='ocr_line' id='line_1_11' title="bbox 137 1154 1369 1258; baseline -0.022 -17"><span class='ocrx_word' id='word_1_70' title='bbox 137 1184 260 1243; x_wconf 67' lang='lat' dir='ltr'><strong>dms</strong></span> <span class='ocrx_word' id='word_1_71' title='bbox 269 1176 325 1238; x_wconf 79' lang='grc' dir='ltr'><strong><em>κατ’</em></strong></span> <span class='ocrx_word' id='word_1_72' title='bbox 347 1178 485 1258; x_wconf 85' lang='grc' dir='ltr'><strong><em>κρειττον</em></strong></span> <span class='ocrx_word' id='word_1_73' title='bbox 507 1164 585 1253; x_wconf 78' lang='grc' dir='ltr'><strong><em>ἥπερ</em></strong></span> <span class='ocrx_word' id='word_1_74' title='bbox 611 1169 846 1253; x_wconf 81' lang='grc' dir='ltr'><strong><em>ἐκπὲφρασται·</em></strong></span> <span class='ocrx_word' id='word_1_75' title='bbox 899 1162 1049 1246; x_wconf 79' lang='grc' dir='ltr'><strong><em>ὁμιλῆσαι</em></strong></span> <span class='ocrx_word' id='word_1_76' title='bbox 1078 1159 1113 1223; x_wconf 81' lang='grc' dir='ltr'><strong>δὲ</strong></span> <span class='ocrx_word' id='word_1_77' title='bbox 1133 1154 1283 1221; x_wconf 88' lang='grc' dir='ltr'><strong><em>τοσοότον</em></strong></span> <span class='ocrx_word' id='word_1_78' title='bbox 1303 1175 1369 1235; x_wconf 93' lang='grc' dir='ltr'><strong>χα-</strong></span> 
     </span>
     <span class='ocr_line' id='line_1_12' title="bbox 271 1254 1410 1371; baseline -0.021 -33"><span class='ocrx_word' id='word_1_79' title='bbox 271 1277 350 1358; x_wconf 78' lang='grc' dir='ltr'><strong><em>ρίεις</em></strong></span> <span class='ocrx_word' id='word_1_80' title='bbox 372 1297 425 1337; x_wconf 87' lang='grc' dir='ltr'><strong>και</strong></span> <span class='ocrx_word' id='word_1_81' title='bbox 422 1264 588 1352; x_wconf 79' lang='grc' dir='ltr'><strong><em>εόθυμος</em></strong></span> <span class='ocrx_word' id='word_1_82' title='bbox 622 1293 673 1333; x_wconf 89' lang='grc' dir='ltr'><strong>και</strong></span> <span class='ocrx_word' id='word_1_83' title='bbox 670 1264 914 1351; x_wconf 77' lang='grc' dir='ltr'><strong><em>περιδέξιος</em></strong></span> <span class='ocrx_word' id='word_1_84' title='bbox 899 1288 931 1339; x_wconf 87' lang='grc' dir='ltr'><strong>ες</strong></span> <span class='ocrx_word' id='word_1_85' title='bbox 962 1260 1000 1327; x_wconf 89' lang='grc' dir='ltr'><strong>τά</strong></span> <span class='ocrx_word' id='word_1_86' title='bbox 1022 1256 1163 1343; x_wconf 90' lang='grc' dir='ltr'><strong><em>μάλιστα</em></strong></span> <span class='ocrx_word' id='word_1_87' title='bbox 1183 1254 1227 1332; x_wconf 81' lang='grc' dir='ltr'><strong>τός</strong></span> <span class='ocrx_word' id='word_1_88' title='bbox 1249 1254 1369 1371; x_wconf 67' lang='grc' dir='ltr'><strong><em>Σειρῖγ-</em></strong></span> <span class='ocrx_word' id='word_1_89' title='bbox 1349 1280 1410 1333; x_wconf 77' lang='lat'><strong>-10</strong></span> 
     </span>
     <span class='ocr_line' id='line_1_13' title="bbox 221 1352 1369 1492; baseline -0.024 -52"><span class='ocrx_word' id='word_1_90' title='bbox 221 1421 224 1427; x_wconf 77' lang='lat'><strong>·</strong></span> <span class='ocrx_word' id='word_1_91' title='bbox 267 1398 325 1449; x_wconf 90' lang='grc' dir='ltr'><strong>νας</strong></span> <span class='ocrx_word' id='word_1_92' title='bbox 343 1377 515 1456; x_wconf 83' lang='grc' dir='ltr'><strong><em>μιμεῖσθαι</em></strong></span> <span class='ocrx_word' id='word_1_93' title='bbox 537 1371 611 1448; x_wconf 82' lang='grc' dir='ltr'><strong>τούς</strong></span> <span class='ocrx_word' id='word_1_94' title='bbox 634 1355 812 1492; x_wconf 78' lang='grc' dir='ltr'><strong><em>φθόγγους</em></strong></span> <span class='ocrx_word' id='word_1_95' title='bbox 831 1365 953 1447; x_wconf 82' lang='grc' dir='ltr'><strong><em>ου’τοό,</em></strong></span> <span class='ocrx_word' id='word_1_96' title='bbox 975 1362 1096 1435; x_wconf 89' lang='grc' dir='ltr'><strong><em>πάντας</em></strong></span> <span class='ocrx_word' id='word_1_97' title='bbox 1113 1360 1266 1431; x_wconf 75' lang='grc' dir='ltr'><strong><em>ἕλκοντας</em></strong></span> <span class='ocrx_word' id='word_1_98' title='bbox 1287 1352 1369 1474; x_wconf 81' lang='grc' dir='ltr'><strong><em>πρὸς</em></strong></span> 
     </span>
     <span class='ocr_line' id='line_1_14' title="bbox 268 1413 1467 1559; baseline -0.018 -20"><span class='ocrx_word' id='word_1_99' title='bbox 268 1473 433 1559; x_wconf 72' lang='grc' dir='ltr'><strong><em>ἀκρόασιν,</em></strong></span> <span class='ocrx_word' id='word_1_100' title='bbox 457 1478 511 1538; x_wconf 76' lang='grc' dir='ltr'><strong><em>κατ’</em></strong></span> <span class='ocrx_word' id='word_1_101' title='bbox 531 1478 594 1544; x_wconf 80' lang='grc' dir='ltr'><strong>τάν</strong></span> <span class='ocrx_word' id='word_1_102' title='bbox 616 1470 697 1538; x_wconf 84' lang='grc' dir='ltr'><strong><em>σι’κοι</em></strong></span> <span class='ocrx_word' id='word_1_103' title='bbox 716 1472 886 1543; x_wconf 78' lang='grc' dir='ltr'><strong><em>ποιοῦντας</em></strong></span> <span class='ocrx_word' id='word_1_104' title='bbox 915 1413 1188 1533; x_wconf 74' lang='grc' dir='ltr'><strong><em>ἐπιλανθάνεσθαι</em></strong></span> <span class='ocrx_word' id='word_1_105' title='bbox 1209 1457 1265 1522; x_wconf 80' lang='grc' dir='ltr'><strong><em>κατ’</em></strong></span> <span class='ocrx_word' id='word_1_106' title='bbox 1281 1452 1369 1546; x_wconf 87' lang='grc' dir='ltr'><strong><em>μόνφ</em></strong></span> <span class='ocrx_word' id='word_1_107' title='bbox 1466 1482 1467 1531; x_wconf 61' lang='lat' dir='ltr'><strong>p</strong></span> 
     </span>
     <span class='ocr_line' id='line_1_15' title="bbox 267 1556 1370 1662; baseline -0.016 -24"><span class='ocrx_word' id='word_1_108' title='bbox 267 1576 476 1658; x_wconf 81' lang='grc' dir='ltr'><strong><em>προσανέχειν</em></strong></span> <span class='ocrx_word' id='word_1_109' title='bbox 495 1567 592 1662; x_wconf 75' lang='grc' dir='ltr'><strong><em>αότρῖ.</em></strong></span> <span class='ocrx_word' id='word_1_110' title='bbox 636 1566 738 1645; x_wconf 77' lang='grc' dir='ltr'><strong><em>οὕτως</em></strong></span> <span class='ocrx_word' id='word_1_111' title='bbox 760 1570 794 1633; x_wconf 76' lang='grc' dir='ltr'><strong><em>ἓν</em></strong></span> <span class='ocrx_word' id='word_1_112' title='bbox 808 1563 939 1653; x_wconf 77' lang='grc' dir='ltr'><strong><em>πραότης</em></strong></span> <span class='ocrx_word' id='word_1_113' title='bbox 969 1560 1136 1642; x_wconf 78' lang='grc' dir='ltr'><strong><em>ἑντευξεοος</em></strong></span> <span class='ocrx_word' id='word_1_114' title='bbox 1166 1556 1266 1625; x_wconf 85' lang='grc' dir='ltr'><strong><em>άπασι</em></strong></span> <span class='ocrx_word' id='word_1_115' title='bbox 1289 1581 1370 1641; x_wconf 84' lang='grc' dir='ltr'><strong><em>σχε-</em></strong></span> 
     </span>
     <span class='ocr_line' id='line_1_16' title="bbox 269 1657 1367 1792; baseline -0.016 -53"><span class='ocrx_word' id='word_1_116' title='bbox 269 1673 326 1739; x_wconf 91' lang='grc' dir='ltr'><strong><em>δόν</em></strong></span> <span class='ocrx_word' id='word_1_117' title='bbox 348 1676 446 1751; x_wconf 82' lang='grc' dir='ltr'><strong><em>πόθος</em></strong></span> <span class='ocrx_word' id='word_1_118' title='bbox 468 1676 524 1738; x_wconf 67' lang='lat' dir='ltr'><strong>roo</strong></span> <span class='ocrx_word' id='word_1_119' title='bbox 545 1676 702 1757; x_wconf 81' lang='grc' dir='ltr'><strong><em>βασιλέως</em></strong></span> <span class='ocrx_word' id='word_1_120' title='bbox 716 1673 898 1792; x_wconf 68' lang='grc' dir='ltr'><strong><em>ἐνέσκηψεν,</em></strong></span> <span class='ocrx_word' id='word_1_121' title='bbox 921 1666 960 1731; x_wconf 85' lang='grc' dir='ltr'><strong>οά</strong></span> <span class='ocrx_word' id='word_1_122' title='bbox 982 1662 1078 1749; x_wconf 91' lang='grc' dir='ltr'><strong><em>μόνον</em></strong></span> <span class='ocrx_word' id='word_1_123' title='bbox 1096 1660 1264 1745; x_wconf 85' lang='grc' dir='ltr'><strong><em>Ρωμαιόις</em></strong></span> <span class='ocrx_word' id='word_1_124' title='bbox 1285 1657 1367 1724; x_wconf 73' lang='lat' dir='ltr'><strong>attat</strong></span> 
     </span>
     <span class='ocr_line' id='line_1_17' title="bbox 268 1753 1409 1893; baseline -0.014 -54"><span class='ocrx_word' id='word_1_125' title='bbox 268 1777 323 1840; x_wconf 85' lang='grc' dir='ltr'><strong><em>καί</em></strong></span> <span class='ocrx_word' id='word_1_126' title='bbox 342 1774 450 1851; x_wconf 73' lang='grc' dir='ltr'><strong><em>αὐτοῖς</em></strong></span> <span class='ocrx_word' id='word_1_127' title='bbox 474 1783 540 1852; x_wconf 78' lang='grc' dir='ltr'><strong><em>τοῖς</em></strong></span> <span class='ocrx_word' id='word_1_128' title='bbox 563 1777 715 1848; x_wconf 75' lang='grc' dir='ltr'><strong><em>ἐναντίοις</em></strong></span> <span class='ocrx_word' id='word_1_129' title='bbox 736 1770 792 1836; x_wconf 79' lang='lat' dir='ltr'><strong>unt</strong></span> <span class='ocrx_word' id='word_1_130' title='bbox 813 1765 1057 1893; x_wconf 79' lang='grc' dir='ltr'><strong><em>μαχιμωτάτοις</em></strong></span> <span class='ocrx_word' id='word_1_131' title='bbox 1081 1753 1261 1848; x_wconf 84' lang='grc' dir='ltr'><strong><em>α’νδράσι,</em></strong></span> <span class='ocrx_word' id='word_1_132' title='bbox 1250 1763 1305 1826; x_wconf 78' lang='grc' dir='ltr'><strong><em>κατ’</em></strong></span> <span class='ocrx_word' id='word_1_133' title='bbox 1327 1783 1370 1824; x_wconf 85' lang='grc' dir='ltr'><strong><em>ων</em></strong></span> <span class='ocrx_word' id='word_1_134' title='bbox 1378 1788 1409 1842; x_wconf 84' lang='lat'><strong>15</strong></span> 
     </span>
     <span class='ocr_line' id='line_1_18' title="bbox 224 1860 1436 2002; baseline -0.016 -58"><span class='ocrx_word' id='word_1_135' title='bbox 224 1962 229 1967; x_wconf 11' lang='lat' dir='ltr'>N</span> <span class='ocrx_word' id='word_1_136' title='bbox 266 1873 421 2002; x_wconf 78' lang='grc' dir='ltr'><strong><em>ἧπρᾶξις</em></strong></span> <span class='ocrx_word' id='word_1_137' title='bbox 442 1882 504 1942; x_wconf 87' lang='grc' dir='ltr'><strong><em>τοόν</em></strong></span> <span class='ocrx_word' id='word_1_138' title='bbox 527 1872 732 1961; x_wconf 85' lang='grc' dir='ltr'><strong><em>α’γριοοτάτων</em></strong></span> <span class='ocrx_word' id='word_1_139' title='bbox 755 1877 879 1959; x_wconf 75' lang='grc' dir='ltr'><strong><em>θηρίων</em></strong></span> <span class='ocrx_word' id='word_1_140' title='bbox 900 1870 957 1935; x_wconf 79' lang='grc' dir='ltr'><strong>οὐκ</strong></span> <span class='ocrx_word' id='word_1_141' title='bbox 977 1863 1107 1935; x_wconf 79' lang='lat' dir='ltr'>6noda6</span> <span class='ocrx_word' id='word_1_142' title='bbox 1133 1868 1274 1933; x_wconf 78' lang='grc' dir='ltr'><strong><em>αἰδεῖται</em></strong></span> <span class='ocrx_word' id='word_1_143' title='bbox 1294 1860 1378 1947; x_wconf 89' lang='grc' dir='ltr'><strong><em>γάρ,</em></strong></span> <span class='ocrx_word' id='word_1_144' title='bbox 1430 1872 1436 1883; x_wconf 91' lang='grc'>’</span> 
     </span>
     <span class='ocr_line' id='line_1_19' title="bbox 267 1948 1368 2101; baseline -0.015 -58"><span class='ocrx_word' id='word_1_145' title='bbox 267 1982 374 2080; x_wconf 75' lang='grc' dir='ltr'><strong><em>φφσίν,</em></strong></span> <span class='ocrx_word' id='word_1_146' title='bbox 397 1973 510 2101; x_wconf 76' lang='grc' dir='ltr'><strong><em>άρὲτὴν</em></strong></span> <span class='ocrx_word' id='word_1_147' title='bbox 543 1980 599 2043; x_wconf 78' lang='grc' dir='ltr'><strong><em>κατ’</em></strong></span> <span class='ocrx_word' id='word_1_148' title='bbox 627 1979 785 2057; x_wconf 81' lang='grc' dir='ltr'><strong><em>πολέμιος.</em></strong></span> <span class='ocrx_word' id='word_1_149' title='bbox 830 1971 860 2039; x_wconf 80' lang='grc' dir='ltr'><strong>οἱ</strong></span> <span class='ocrx_word' id='word_1_150' title='bbox 885 1975 919 2037; x_wconf 86' lang='grc' dir='ltr'><strong>δὲ</strong></span> <span class='ocrx_word' id='word_1_151' title='bbox 941 1975 998 2037; x_wconf 75' lang='grc' dir='ltr'><strong>οὐκ</strong></span> <span class='ocrx_word' id='word_1_152' title='bbox 1028 1948 1110 2037; x_wconf 81' lang='grc' dir='ltr'><strong><em>αἰδιό</em></strong></span> <span class='ocrx_word' id='word_1_153' title='bbox 1140 1970 1236 2050; x_wconf 87' lang='grc' dir='ltr'><strong><em>μόνον</em></strong></span> <span class='ocrx_word' id='word_1_154' title='bbox 1261 1962 1368 2047; x_wconf 79' lang='grc' dir='ltr'><strong><em>ἔσχον,</em></strong></span> 
     </span>
     <span class='ocr_line' id='line_1_20' title="bbox 267 2066 1369 2165; baseline -0.011 -23"><span class='ocrx_word' id='word_1_155' title='bbox 267 2066 350 2142; x_wconf 72' lang='lat' dir='ltr'><strong>sita</strong></span> <span class='ocrx_word' id='word_1_156' title='bbox 371 2076 426 2142; x_wconf 78' lang='lat' dir='ltr'><strong>xci</strong></span> <span class='ocrx_word' id='word_1_157' title='bbox 448 2074 555 2165; x_wconf 75' lang='grc' dir='ltr'><strong><em>φόβον</em></strong></span> <span class='ocrx_word' id='word_1_158' title='bbox 581 2104 635 2145; x_wconf 88' lang='grc' dir='ltr'><strong>και</strong></span> <span class='ocrx_word' id='word_1_159' title='bbox 630 2075 756 2143; x_wconf 89' lang='grc' dir='ltr'><strong><em>πόθον</em></strong></span> <span class='ocrx_word' id='word_1_160' title='bbox 786 2080 841 2164; x_wconf 80' lang='grc' dir='ltr'><strong>τῆς</strong></span> <span class='ocrx_word' id='word_1_161' title='bbox 872 2078 930 2141; x_wconf 79' lang='lat' dir='ltr'>ro6</span> <span class='ocrx_word' id='word_1_162' title='bbox 961 2070 1183 2157; x_wconf 76' lang='grc' dir='ltr'><strong><em>βασιλεύοντος</em></strong></span> <span class='ocrx_word' id='word_1_163' title='bbox 1205 2067 1369 2142; x_wconf 85' lang='grc' dir='ltr'><strong><em>θεοειδοός</em></strong></span> 
     </span>
     <span class='ocr_line' id='line_1_21' title="bbox 268 2147 512 2262; baseline -0.005 -17"><span class='ocrx_word' id='word_1_164' title='bbox 268 2147 512 2262; x_wconf 73' lang='grc' dir='ltr'><strong><em>άνάβάσεοις.</em></strong></span> 
     </span>
     <span class='ocr_line' id='line_1_22' title="bbox 363 2270 1467 2402; baseline -0.013 -54.923"><span class='ocrx_word' id='word_1_165' title='bbox 363 2280 486 2347; x_wconf 84' lang='grc' dir='ltr'><strong>”Λλλ</strong></span> <span class='ocrx_word' id='word_1_166' title='bbox 472 2284 567 2402; x_wconf 79' lang='grc' dir='ltr'><strong><em>ομὲν</em></strong></span> <span class='ocrx_word' id='word_1_167' title='bbox 587 2281 663 2365; x_wconf 75' lang='grc' dir='ltr'><strong><em>περὶ</em></strong></span> <span class='ocrx_word' id='word_1_168' title='bbox 691 2286 747 2347; x_wconf 83' lang='grc' dir='ltr'><strong>τοῦ</strong></span> <span class='ocrx_word' id='word_1_169' title='bbox 768 2276 909 2393; x_wconf 81' lang='grc' dir='ltr'><strong><em>κρότους</em></strong></span> <span class='ocrx_word' id='word_1_170' title='bbox 931 2274 1032 2341; x_wconf 82' lang='grc' dir='ltr'><strong><em>αότου</em></strong></span> <span class='ocrx_word' id='word_1_171' title='bbox 1018 2276 1142 2359; x_wconf 90' lang='grc' dir='ltr'><strong><em>λόγος</em></strong></span> <span class='ocrx_word' id='word_1_172' title='bbox 1164 2270 1407 2354; x_wconf 73' lang='grc' dir='ltr'><strong><em>άναμεινάτιοςς</em></strong></span> <span class='ocrx_word' id='word_1_173' title='bbox 1466 2292 1467 2349; x_wconf 83' lang='grc'>]</span> 
     </span>
     <span class='ocr_line' id='line_1_23' title="bbox 143 2364 1366 2468; baseline -0.009 -21"><span class='ocrx_word' id='word_1_174' title='bbox 143 2460 146 2462; x_wconf 11' lang='lat' dir='ltr'>v</span> <span class='ocrx_word' id='word_1_175' title='bbox 266 2381 399 2468; x_wconf 86' lang='grc' dir='ltr'><strong><em>μικρόν·</em></strong></span> <span class='ocrx_word' id='word_1_176' title='bbox 453 2384 523 2449; x_wconf 74' lang='grc' dir='ltr'><strong><em>ἐπεὶ</em></strong></span> <span class='ocrx_word' id='word_1_177' title='bbox 556 2383 590 2448; x_wconf 81' lang='grc' dir='ltr'><strong>δὲ</strong></span> <span class='ocrx_word' id='word_1_178' title='bbox 612 2386 687 2468; x_wconf 74' lang='grc' dir='ltr'><strong><em>περὶ</em></strong></span> <span class='ocrx_word' id='word_1_179' title='bbox 713 2386 768 2467; x_wconf 77' lang='grc' dir='ltr'><strong>τῆς</strong></span> <span class='ocrx_word' id='word_1_180' title='bbox 800 2383 857 2446; x_wconf 81' lang='grc' dir='ltr'><strong>τοῦ</strong></span> <span class='ocrx_word' id='word_1_181' title='bbox 879 2364 987 2466; x_wconf 81' lang='grc' dir='ltr'><strong><em>γένους</em></strong></span> <span class='ocrx_word' id='word_1_182' title='bbox 1008 2378 1109 2448; x_wconf 71' lang='lat' dir='ltr'><strong>oniaco</strong></span> <span class='ocrx_word' id='word_1_183' title='bbox 1094 2370 1366 2460; x_wconf 78' lang='grc' dir='ltr'><strong><em>μεγαλειότητος</em></strong></span> 
     </span>
     <span class='ocr_line' id='line_1_24' title="bbox 204 2477 1363 2570; baseline -0.012 -19"><span class='ocrx_word' id='word_1_184' title='bbox 204 2496 207 2502; x_wconf 88' lang='grc'><strong>’</strong></span> <span class='ocrx_word' id='word_1_185' title='bbox 266 2482 520 2569; x_wconf 73' lang='grc' dir='ltr'><strong><em>ἐπεμνήσθημεν,</em></strong></span> <span class='ocrx_word' id='word_1_186' title='bbox 540 2485 647 2570; x_wconf 79' lang='grc' dir='ltr'><strong><em>βραχύ</em></strong></span> <span class='ocrx_word' id='word_1_187' title='bbox 666 2509 697 2550; x_wconf 89' lang='grc' dir='ltr'><strong>τι</strong></span> <span class='ocrx_word' id='word_1_188' title='bbox 720 2483 796 2568; x_wconf 74' lang='grc' dir='ltr'><strong><em>περὶ</em></strong></span> <span class='ocrx_word' id='word_1_189' title='bbox 812 2480 924 2548; x_wconf 78' lang='grc' dir='ltr'><strong><em>τούτου</em></strong></span> <span class='ocrx_word' id='word_1_190' title='bbox 948 2479 1191 2562; x_wconf 78' lang='grc' dir='ltr'><strong><em>διαλεξόμεθα,</em></strong></span> <span class='ocrx_word' id='word_1_191' title='bbox 1193 2479 1246 2541; x_wconf 83' lang='grc' dir='ltr'><strong><em>ἵνα</em></strong></span> <span class='ocrx_word' id='word_1_192' title='bbox 1268 2477 1363 2559; x_wconf 79' lang='grc' dir='ltr'><strong><em>γνάσι</em></strong></span> 
     </span>
     <span class='ocr_line' id='line_1_25' title="bbox 171 2575 1366 2682; baseline -0.008 -33"><span class='ocrx_word' id='word_1_193' title='bbox 171 2626 175 2629; x_wconf 95' lang='grc'>-</span> <span class='ocrx_word' id='word_1_194' title='bbox 266 2587 379 2662; x_wconf 86' lang='grc' dir='ltr'><strong><em>πάντες</em></strong></span> <span class='ocrx_word' id='word_1_195' title='bbox 402 2587 476 2652; x_wconf 78' lang='grc' dir='ltr'><strong><em>οἵων</em></strong></span> <span class='ocrx_word' id='word_1_196' title='bbox 497 2588 584 2675; x_wconf 65' lang='grc' dir='ltr'><strong><em>αυτῷ</em></strong></span> <span class='ocrx_word' id='word_1_197' title='bbox 606 2590 669 2652; x_wconf 84' lang='grc' dir='ltr'><strong>τάν</strong></span> <span class='ocrx_word' id='word_1_198' title='bbox 693 2587 855 2682; x_wconf 81' lang='grc' dir='ltr'><strong><em>προγόνων</em></strong></span> <span class='ocrx_word' id='word_1_199' title='bbox 878 2578 978 2651; x_wconf 83' lang='grc' dir='ltr'><strong><em>όντων</em></strong></span> <span class='ocrx_word' id='word_1_200' title='bbox 1006 2583 1051 2658; x_wconf 84' lang='grc' dir='ltr'><strong>εἰς</strong></span> <span class='ocrx_word' id='word_1_201' title='bbox 1077 2579 1287 2666; x_wconf 79' lang='grc' dir='ltr'><strong><em>περιφάνειαν</em></strong></span> <span class='ocrx_word' id='word_1_202' title='bbox 1308 2575 1366 2641; x_wconf 76' lang='lat' dir='ltr'><strong>at-</strong></span> 
     </span>
    </p>
   </div>
   <div class='ocr_carea' id='block_1_4' title="bbox 256 2887 1467 3954">
    <p class='ocr_par' dir='ltr' id='par_1_4' title="bbox 256 2887 1467 3954">
     <span class='ocr_line' id='line_1_26' title="bbox 266 2887 1365 2961; baseline -0.003 -18"><span class='ocrx_word' id='word_1_203' title='bbox 266 2892 362 2944; x_wconf 88' lang='lat' dir='ltr'><strong>tiarum</strong></span> <span class='ocrx_word' id='word_1_204' title='bbox 383 2888 488 2957; x_wconf 86' lang='lat' dir='ltr'><strong>plenos,</strong></span> <span class='ocrx_word' id='word_1_205' title='bbox 505 2889 635 2958; x_wconf 79' lang='lat' dir='ltr'><strong>integram</strong></span> <span class='ocrx_word' id='word_1_206' title='bbox 655 2888 791 2961; x_wconf 77' lang='lat' dir='ltr'><strong>nigritiam</strong></span> <span class='ocrx_word' id='word_1_207' title='bbox 809 2888 974 2942; x_wconf 86' lang='lat' dir='ltr'><strong>extrinsecus</strong></span> <span class='ocrx_word' id='word_1_208' title='bbox 996 2887 1199 2942; x_wconf 74' lang='lat' dir='ltr'><strong>circumductam</strong></span> <span class='ocrx_word' id='word_1_209' title='bbox 1219 2887 1365 2948; x_wconf 86' lang='lat' dir='ltr'><strong>ostenden-</strong></span> 
     </span>
     <span class='ocr_line' id='line_1_27' title="bbox 265 2946 1467 3030; baseline -0.004 -15"><span class='ocrx_word' id='word_1_210' title='bbox 265 2970 318 3025; x_wconf 87' lang='lat' dir='ltr'><strong>tes,</strong></span> <span class='ocrx_word' id='word_1_211' title='bbox 339 2968 366 3012; x_wconf 89' lang='lat' dir='ltr'><strong>et</strong></span> <span class='ocrx_word' id='word_1_212' title='bbox 383 2958 606 3028; x_wconf 89' lang='lat' dir='ltr'><strong>pulchritudinem</strong></span> <span class='ocrx_word' id='word_1_213' title='bbox 624 2946 830 3012; x_wconf 75' lang='lat' dir='ltr'><strong>inenarrabilem</strong></span> <span class='ocrx_word' id='word_1_214' title='bbox 855 2961 925 3014; x_wconf 89' lang='lat' dir='ltr'><strong>intus</strong></span> <span class='ocrx_word' id='word_1_215' title='bbox 945 2959 1119 3030; x_wconf 75' lang='lat' dir='ltr'><strong>effulgentes,</strong></span> <span class='ocrx_word' id='word_1_216' title='bbox 1145 2969 1225 3030; x_wconf 88' lang='lat' dir='ltr'><strong>atque</strong></span> <span class='ocrx_word' id='word_1_217' title='bbox 1243 2963 1365 3028; x_wconf 83' lang='lat' dir='ltr'><strong>anperci.</strong></span> <span class='ocrx_word' id='word_1_218' title='bbox 1395 2991 1399 2999; x_wconf 87' lang='lat'><em>-</em></span> <span class='ocrx_word' id='word_1_219' title='bbox 1466 2967 1467 2980; x_wconf 65' lang='lat'>¹</span> 
     </span>
     <span class='ocr_line' id='line_1_28' title="bbox 266 3032 1365 3101; baseline -0.001 -15"><span class='ocrx_word' id='word_1_220' title='bbox 266 3033 332 3086; x_wconf 89' lang='lat' dir='ltr'><strong>lium</strong></span> <span class='ocrx_word' id='word_1_221' title='bbox 350 3048 507 3099; x_wconf 86' lang='lat' dir='ltr'><strong>suspensum</strong></span> <span class='ocrx_word' id='word_1_222' title='bbox 524 3048 643 3084; x_wconf 90' lang='lat' dir='ltr'><strong>camerae</strong></span> <span class='ocrx_word' id='word_1_223' title='bbox 660 3034 768 3084; x_wconf 89' lang='lat' dir='ltr'><strong>instar</strong></span> <span class='ocrx_word' id='word_1_224' title='bbox 761 3049 787 3084; x_wconf 90' lang='lat' dir='ltr'><strong>m</strong></span> <span class='ocrx_word' id='word_1_225' title='bbox 805 3032 911 3101; x_wconf 86' lang='lat' dir='ltr'><strong>aequali</strong></span> <span class='ocrx_word' id='word_1_226' title='bbox 926 3041 952 3084; x_wconf 87' lang='lat' dir='ltr'><strong>et</strong></span> <span class='ocrx_word' id='word_1_227' title='bbox 969 3032 1087 3084; x_wconf 75' lang='lat' dir='ltr'><strong>infucata</strong></span> <span class='ocrx_word' id='word_1_228' title='bbox 1099 3033 1224 3097; x_wconf 77' lang='lat' dir='ltr'><strong>tinctura,</strong></span> <span class='ocrx_word' id='word_1_229' title='bbox 1244 3041 1271 3084; x_wconf 85' lang='lat' dir='ltr'><strong>at</strong></span> <span class='ocrx_word' id='word_1_230' title='bbox 1290 3033 1365 3085; x_wconf 83' lang='lat' dir='ltr'><strong>fron-</strong></span> 
     </span>
     <span class='ocr_line' id='line_1_29' title="bbox 265 3103 1365 3174; baseline -0.005 -18"><span class='ocrx_word' id='word_1_231' title='bbox 265 3112 320 3156; x_wconf 88' lang='lat' dir='ltr'><strong>tem</strong></span> <span class='ocrx_word' id='word_1_232' title='bbox 339 3103 485 3171; x_wconf 77' lang='lat' dir='ltr'><strong>splendidis</strong></span> <span class='ocrx_word' id='word_1_233' title='bbox 505 3104 617 3156; x_wconf 76' lang='lat' dir='ltr'><strong>similem</strong></span> <span class='ocrx_word' id='word_1_234' title='bbox 639 3103 798 3168; x_wconf 85' lang='lat' dir='ltr'><strong>luminibus,</strong></span> <span class='ocrx_word' id='word_1_235' title='bbox 826 3112 852 3154; x_wconf 90' lang='lat' dir='ltr'><strong>et</strong></span> <span class='ocrx_word' id='word_1_236' title='bbox 880 3105 1014 3173; x_wconf 87' lang='lat' dir='ltr'><strong>reliquum</strong></span> <span class='ocrx_word' id='word_1_237' title='bbox 1039 3105 1093 3156; x_wconf 91' lang='lat' dir='ltr'><strong>oris</strong></span> <span class='ocrx_word' id='word_1_238' title='bbox 1114 3103 1232 3156; x_wconf 91' lang='lat' dir='ltr'><strong>habitum</strong></span> <span class='ocrx_word' id='word_1_239' title='bbox 1250 3119 1365 3174; x_wconf 75' lang='lat' dir='ltr'><strong>respon.</strong></span> 
     </span>
     <span class='ocr_line' id='line_1_30' title="bbox 267 3175 1365 3246; baseline -0.001 -19"><span class='ocrx_word' id='word_1_240' title='bbox 267 3177 373 3227; x_wconf 78' lang='lat' dir='ltr'><strong>dentem</strong></span> <span class='ocrx_word' id='word_1_241' title='bbox 391 3175 582 3242; x_wconf 79' lang='lat' dir='ltr'><strong>pulchritudini</strong></span> <span class='ocrx_word' id='word_1_242' title='bbox 603 3183 629 3226; x_wconf 90' lang='lat' dir='ltr'><strong>et</strong></span> <span class='ocrx_word' id='word_1_243' title='bbox 648 3178 693 3244; x_wconf 90' lang='lat' dir='ltr'><strong>qui</strong></span> <span class='ocrx_word' id='word_1_244' title='bbox 712 3175 824 3228; x_wconf 88' lang='lat' dir='ltr'><strong>alterum</strong></span> <span class='ocrx_word' id='word_1_245' title='bbox 843 3175 927 3227; x_wconf 89' lang='lat' dir='ltr'><strong>solem</strong></span> <span class='ocrx_word' id='word_1_246' title='bbox 945 3177 1079 3229; x_wconf 80' lang='lat' dir='ltr'><strong>terrenum</strong></span> <span class='ocrx_word' id='word_1_247' title='bbox 1099 3176 1265 3228; x_wconf 85' lang='lat' dir='ltr'><strong>extenderet.</strong></span> <span class='ocrx_word' id='word_1_248' title='bbox 1287 3185 1365 3246; x_wconf 82' lang='lat' dir='ltr'><strong>atque</strong></span> 
     </span>
     <span class='ocr_line' id='line_1_31' title="bbox 266 3246 1366 3317; baseline -0.001 -19"><span class='ocrx_word' id='word_1_249' title='bbox 266 3248 395 3317; x_wconf 85' lang='lat' dir='ltr'><strong>adspectu</strong></span> <span class='ocrx_word' id='word_1_250' title='bbox 421 3247 527 3314; x_wconf 90' lang='lat' dir='ltr'><strong>quidem</strong></span> <span class='ocrx_word' id='word_1_251' title='bbox 548 3246 611 3298; x_wconf 89' lang='lat' dir='ltr'><strong>talis</strong></span> <span class='ocrx_word' id='word_1_252' title='bbox 638 3255 709 3310; x_wconf 85' lang='lat' dir='ltr'><strong>erat,</strong></span> <span class='ocrx_word' id='word_1_253' title='bbox 731 3254 758 3298; x_wconf 86' lang='lat' dir='ltr'><strong>et</strong></span> <span class='ocrx_word' id='word_1_254' title='bbox 781 3246 895 3298; x_wconf 91' lang='lat' dir='ltr'><strong>meliore</strong></span> <span class='ocrx_word' id='word_1_255' title='bbox 911 3250 1015 3299; x_wconf 85' lang='lat' dir='ltr'><strong>ratione</strong></span> <span class='ocrx_word' id='word_1_256' title='bbox 1044 3261 1122 3314; x_wconf 81' lang='lat' dir='ltr'><strong>quam</strong></span> <span class='ocrx_word' id='word_1_257' title='bbox 1142 3256 1291 3299; x_wconf 83' lang='lat' dir='ltr'><strong>enarratum</strong></span> <span class='ocrx_word' id='word_1_258' title='bbox 1312 3255 1366 3299; x_wconf 87' lang='lat' dir='ltr'><strong>est:</strong></span> 
     </span>
     <span class='ocr_line' id='line_1_32' title="bbox 266 3317 1366 3383; baseline -0.006 -11"><span class='ocrx_word' id='word_1_259' title='bbox 266 3333 317 3376; x_wconf 83' lang='lat' dir='ltr'><strong>usu</strong></span> <span class='ocrx_word' id='word_1_260' title='bbox 337 3326 425 3370; x_wconf 88' lang='lat' dir='ltr'><strong>autem</strong></span> <span class='ocrx_word' id='word_1_261' title='bbox 445 3326 497 3369; x_wconf 87' lang='lat' dir='ltr'><strong>tam</strong></span> <span class='ocrx_word' id='word_1_262' title='bbox 517 3319 606 3371; x_wconf 87' lang='lat' dir='ltr'><strong>suavis</strong></span> <span class='ocrx_word' id='word_1_263' title='bbox 626 3327 652 3368; x_wconf 89' lang='lat' dir='ltr'><strong>et</strong></span> <span class='ocrx_word' id='word_1_264' title='bbox 668 3317 819 3370; x_wconf 88' lang='lat' dir='ltr'><strong>benevolus</strong></span> <span class='ocrx_word' id='word_1_265' title='bbox 840 3326 865 3368; x_wconf 89' lang='lat' dir='ltr'><strong>et</strong></span> <span class='ocrx_word' id='word_1_266' title='bbox 883 3318 977 3370; x_wconf 84' lang='lat' dir='ltr'><strong>dexter</strong></span> <span class='ocrx_word' id='word_1_267' title='bbox 996 3319 1118 3383; x_wconf 83' lang='lat' dir='ltr'><strong>maxime,</strong></span> <span class='ocrx_word' id='word_1_268' title='bbox 1138 3329 1168 3371; x_wconf 88' lang='lat' dir='ltr'><strong>ut</strong></span> <span class='ocrx_word' id='word_1_269' title='bbox 1182 3319 1285 3372; x_wconf 86' lang='lat' dir='ltr'><strong>sirenes</strong></span> <span class='ocrx_word' id='word_1_270' title='bbox 1305 3321 1366 3370; x_wconf 90' lang='lat' dir='ltr'><strong>imi.</strong></span> 
     </span>
     <span class='ocr_line' id='line_1_33' title="bbox 266 3389 1367 3459; baseline -0.002 -17"><span class='ocrx_word' id='word_1_271' title='bbox 266 3397 386 3442; x_wconf 77' lang='lat' dir='ltr'><strong>tarentus</strong></span> <span class='ocrx_word' id='word_1_272' title='bbox 406 3392 464 3441; x_wconf 88' lang='lat' dir='ltr'><strong>eius</strong></span> <span class='ocrx_word' id='word_1_273' title='bbox 481 3403 580 3452; x_wconf 86' lang='lat' dir='ltr'><strong>voces,</strong></span> <span class='ocrx_word' id='word_1_274' title='bbox 599 3391 736 3459; x_wconf 71' lang='lat' dir='ltr'><strong>trabentes</strong></span> <span class='ocrx_word' id='word_1_275' title='bbox 762 3403 853 3442; x_wconf 84' lang='lat' dir='ltr'><strong>omnes</strong></span> <span class='ocrx_word' id='word_1_276' title='bbox 879 3391 912 3442; x_wconf 92' lang='lat' dir='ltr'><strong>ad</strong></span> <span class='ocrx_word' id='word_1_277' title='bbox 932 3389 1106 3453; x_wconf 87' lang='lat' dir='ltr'><strong>audiendum,</strong></span> <span class='ocrx_word' id='word_1_278' title='bbox 1127 3398 1153 3442; x_wconf 90' lang='lat' dir='ltr'><strong>et</strong></span> <span class='ocrx_word' id='word_1_279' title='bbox 1171 3390 1321 3443; x_wconf 82' lang='lat' dir='ltr'><strong>allicientes</strong></span> <span class='ocrx_word' id='word_1_280' title='bbox 1339 3398 1367 3442; x_wconf 88' lang='lat' dir='ltr'><strong>ut</strong></span> 
     </span>
     <span class='ocr_line' id='line_1_34' title="bbox 268 3460 1365 3529; baseline -0.001 -16"><span class='ocrx_word' id='word_1_281' title='bbox 268 3462 494 3513; x_wconf 85' lang='lat' dir='ltr'><strong>obliviscerentur</strong></span> <span class='ocrx_word' id='word_1_282' title='bbox 512 3461 553 3510; x_wconf 87' lang='lat' dir='ltr'><strong>rei</strong></span> <span class='ocrx_word' id='word_1_283' title='bbox 572 3460 734 3513; x_wconf 84' lang='lat' dir='ltr'><strong>domesticae</strong></span> <span class='ocrx_word' id='word_1_284' title='bbox 761 3468 788 3511; x_wconf 88' lang='lat' dir='ltr'><strong>et</strong></span> <span class='ocrx_word' id='word_1_285' title='bbox 806 3460 857 3511; x_wconf 89' lang='lat' dir='ltr'><strong>soli</strong></span> <span class='ocrx_word' id='word_1_286' title='bbox 878 3463 970 3513; x_wconf 88' lang='lat' dir='ltr'><strong>attenti</strong></span> <span class='ocrx_word' id='word_1_287' title='bbox 991 3468 1080 3514; x_wconf 86' lang='lat' dir='ltr'><strong>essent</strong></span> <span class='ocrx_word' id='word_1_288' title='bbox 1098 3463 1139 3512; x_wconf 86' lang='lat' dir='ltr'><strong>ei:</strong></span> <span class='ocrx_word' id='word_1_289' title='bbox 1166 3463 1203 3513; x_wconf 87' lang='lat' dir='ltr'><strong>ita</strong></span> <span class='ocrx_word' id='word_1_290' title='bbox 1223 3477 1256 3513; x_wconf 85' lang='lat' dir='ltr'><strong>ex</strong></span> <span class='ocrx_word' id='word_1_291' title='bbox 1282 3463 1365 3529; x_wconf 86' lang='lat' dir='ltr'><strong>primo</strong></span> 
     </span>
     <span class='ocr_line' id='line_1_35' title="bbox 267 3530 1366 3599; baseline 0.001 -16"><span class='ocrx_word' id='word_1_292' title='bbox 267 3548 399 3584; x_wconf 88' lang='lat' dir='ltr'><strong>concursu</strong></span> <span class='ocrx_word' id='word_1_293' title='bbox 427 3530 548 3583; x_wconf 86' lang='lat' dir='ltr'><strong>omnibus</strong></span> <span class='ocrx_word' id='word_1_294' title='bbox 579 3531 637 3582; x_wconf 83' lang='lat' dir='ltr'><strong>lere</strong></span> <span class='ocrx_word' id='word_1_295' title='bbox 665 3533 824 3585; x_wconf 85' lang='lat' dir='ltr'><strong>desiderium</strong></span> <span class='ocrx_word' id='word_1_296' title='bbox 844 3534 917 3599; x_wconf 87' lang='lat' dir='ltr'><strong>regis</strong></span> <span class='ocrx_word' id='word_1_297' title='bbox 943 3533 1054 3584; x_wconf 85' lang='lat' dir='ltr'><strong>obvenit</strong></span> <span class='ocrx_word' id='word_1_298' title='bbox 1071 3547 1125 3584; x_wconf 89' lang='lat' dir='ltr'><strong>non</strong></span> <span class='ocrx_word' id='word_1_299' title='bbox 1144 3533 1229 3587; x_wconf 91' lang='lat' dir='ltr'><strong>solum</strong></span> <span class='ocrx_word' id='word_1_300' title='bbox 1250 3533 1366 3597; x_wconf 85' lang='lat' dir='ltr'><strong>Graecis,</strong></span> 
     </span>
     <span class='ocr_line' id='line_1_36' title="bbox 267 3603 1365 3673; baseline -0.002 -16"><span class='ocrx_word' id='word_1_301' title='bbox 267 3604 314 3657; x_wconf 87' lang='lat' dir='ltr'><strong>sed</strong></span> <span class='ocrx_word' id='word_1_302' title='bbox 340 3605 419 3655; x_wconf 88' lang='lat' dir='ltr'><strong>etiam</strong></span> <span class='ocrx_word' id='word_1_303' title='bbox 446 3604 525 3670; x_wconf 88' lang='lat' dir='ltr'><strong>ipsis·</strong></span> <span class='ocrx_word' id='word_1_304' title='bbox 539 3603 698 3660; x_wconf 86' lang='lat' dir='ltr'><strong>adversariis</strong></span> <span class='ocrx_word' id='word_1_305' title='bbox 726 3611 753 3654; x_wconf 86' lang='lat' dir='ltr'><strong>et</strong></span> <span class='ocrx_word' id='word_1_306' title='bbox 771 3605 975 3669; x_wconf 86' lang='lat' dir='ltr'><strong>pugnacissimis</strong></span> <span class='ocrx_word' id='word_1_307' title='bbox 998 3604 1081 3668; x_wconf 86' lang='lat' dir='ltr'><strong>viris,</strong></span> <span class='ocrx_word' id='word_1_308' title='bbox 1110 3613 1137 3657; x_wconf 88' lang='lat' dir='ltr'><strong>et</strong></span> <span class='ocrx_word' id='word_1_309' title='bbox 1166 3620 1278 3673; x_wconf 86' lang='lat' dir='ltr'><strong>quorum</strong></span> <span class='ocrx_word' id='word_1_310' title='bbox 1297 3606 1365 3656; x_wconf 88' lang='lat' dir='ltr'><strong>actio</strong></span> 
     </span>
     <span class='ocr_line' id='line_1_37' title="bbox 265 3673 1366 3739; baseline 0.003 -14"><span class='ocrx_word' id='word_1_311' title='bbox 265 3690 321 3725; x_wconf 90' lang='lat' dir='ltr'><strong>non</strong></span> <span class='ocrx_word' id='word_1_312' title='bbox 342 3674 419 3726; x_wconf 87' lang='lat' dir='ltr'><strong>abest</strong></span> <span class='ocrx_word' id='word_1_313' title='bbox 438 3689 454 3724; x_wconf 93' lang='lat' dir='ltr'><strong>a</strong></span> <span class='ocrx_word' id='word_1_314' title='bbox 473 3674 566 3725; x_wconf 88' lang='lat' dir='ltr'><strong>bestiis</strong></span> <span class='ocrx_word' id='word_1_315' title='bbox 593 3673 785 3725; x_wconf 80' lang='lat' dir='ltr'><strong>ferocissimis:</strong></span> <span class='ocrx_word' id='word_1_316' title='bbox 811 3681 921 3726; x_wconf 83' lang='lat' dir='ltr'><strong>veretur</strong></span> <span class='ocrx_word' id='word_1_317' title='bbox 945 3677 1028 3738; x_wconf 89' lang='lat' dir='ltr'><strong>enim,</strong></span> <span class='ocrx_word' id='word_1_318' title='bbox 1053 3683 1083 3725; x_wconf 90' lang='lat' dir='ltr'><strong>ut</strong></span> <span class='ocrx_word' id='word_1_319' title='bbox 1101 3675 1150 3727; x_wconf 89' lang='lat' dir='ltr'><strong>ille</strong></span> <span class='ocrx_word' id='word_1_320' title='bbox 1168 3677 1222 3739; x_wconf 89' lang='lat' dir='ltr'><strong>ait,</strong></span> <span class='ocrx_word' id='word_1_321' title='bbox 1241 3677 1366 3728; x_wconf 85' lang='lat' dir='ltr'><strong>virtutem</strong></span> 
     </span>
     <span class='ocr_line' id='line_1_38' title="bbox 266 3741 1367 3811; baseline 0 -15"><span class='ocrx_word' id='word_1_322' title='bbox 266 3745 314 3796; x_wconf 88' lang='lat' dir='ltr'><strong>vel</strong></span> <span class='ocrx_word' id='word_1_323' title='bbox 336 3743 439 3795; x_wconf 84' lang='lat' dir='ltr'><strong>hostis:</strong></span> <span class='ocrx_word' id='word_1_324' title='bbox 467 3741 509 3795; x_wconf 96' lang='lat' dir='ltr'><strong>illi</strong></span> <span class='ocrx_word' id='word_1_325' title='bbox 534 3752 621 3795; x_wconf 89' lang='lat' dir='ltr'><strong>antem</strong></span> <span class='ocrx_word' id='word_1_326' title='bbox 646 3758 700 3796; x_wconf 92' lang='lat' dir='ltr'><strong>non</strong></span> <span class='ocrx_word' id='word_1_327' title='bbox 725 3746 913 3797; x_wconf 87' lang='lat' dir='ltr'><strong>verecundiam</strong></span> <span class='ocrx_word' id='word_1_328' title='bbox 941 3747 1027 3800; x_wconf 88' lang='lat' dir='ltr'><strong>solum</strong></span> <span class='ocrx_word' id='word_1_329' title='bbox 1054 3746 1195 3811; x_wconf 87' lang='lat' dir='ltr'><strong>habebant,</strong></span> <span class='ocrx_word' id='word_1_330' title='bbox 1222 3747 1367 3800; x_wconf 85' lang='lat' dir='ltr'><strong>sedetiam</strong></span> 
     </span>
     <span class='ocr_line' id='line_1_39' title="bbox 266 3815 1367 3886; baseline 0.004 -20"><span class='ocrx_word' id='word_1_331' title='bbox 266 3821 365 3866; x_wconf 87' lang='lat' dir='ltr'><strong>metum</strong></span> <span class='ocrx_word' id='word_1_332' title='bbox 385 3822 412 3866; x_wconf 89' lang='lat' dir='ltr'><strong>et</strong></span> <span class='ocrx_word' id='word_1_333' title='bbox 429 3815 590 3867; x_wconf 87' lang='lat' dir='ltr'><strong>desiderium</strong></span> <span class='ocrx_word' id='word_1_334' title='bbox 608 3816 693 3868; x_wconf 89' lang='lat' dir='ltr'><strong>divini</strong></span> <span class='ocrx_word' id='word_1_335' title='bbox 711 3831 839 3871; x_wconf 88' lang='lat' dir='ltr'><strong>ascensus</strong></span> <span class='ocrx_word' id='word_1_336' title='bbox 857 3820 1012 3886; x_wconf 83' lang='lat' dir='ltr'><strong>regnantis:</strong></span> <span class='ocrx_word' id='word_1_337' title='bbox 1038 3818 1085 3872; x_wconf 84' lang='lat' dir='ltr'><strong>sed</strong></span> <span class='ocrx_word' id='word_1_338' title='bbox 1109 3833 1196 3872; x_wconf 85' lang='lat' dir='ltr'><strong>sermo</strong></span> <span class='ocrx_word' id='word_1_339' title='bbox 1217 3819 1250 3871; x_wconf 91' lang='lat' dir='ltr'><strong>dc</strong></span> <span class='ocrx_word' id='word_1_340' title='bbox 1268 3826 1367 3886; x_wconf 90' lang='lat' dir='ltr'><strong>poten-</strong></span> 
     </span>
     <span class='ocr_line' id='line_1_40' title="bbox 256 3885 643 3954; baseline 0.008 -18"><span class='ocrx_word' id='word_1_341' title='bbox 256 3887 306 3949; x_wconf 72' lang='lat' dir='ltr'><strong>⁸tia</strong></span> <span class='ocrx_word' id='word_1_342' title='bbox 324 3887 382 3939; x_wconf 86' lang='lat' dir='ltr'><strong>eius</strong></span> <span class='ocrx_word' id='word_1_343' title='bbox 398 3885 506 3954; x_wconf 90' lang='lat' dir='ltr'><strong>paulum</strong></span> <span class='ocrx_word' id='word_1_344' title='bbox 525 3887 643 3939; x_wconf 87' lang='lat' dir='ltr'><strong>desistat.</strong></span> 
     </span>
    </p>
   </div>
   <div class='ocr_carea' id='block_1_5' title="bbox 268 3973 1467 4204">
    <p class='ocr_par' dir='ltr' id='par_1_5' title="bbox 268 3973 1467 4192">
     <span class='ocr_line' id='line_1_41' title="bbox 368 3973 1366 4054; baseline 0.002 -27"><span class='ocrx_word' id='word_1_345' title='bbox 368 3973 433 4027; x_wconf 81' lang='lat' dir='ltr'><strong>Cum</strong></span> <span class='ocrx_word' id='word_1_346' title='bbox 451 3983 540 4026; x_wconf 88' lang='lat' dir='ltr'><strong>autem</strong></span> <span class='ocrx_word' id='word_1_347' title='bbox 553 3977 762 4046; x_wconf 85' lang='lat' dir='ltr'><strong>magnitudinem</strong></span> <span class='ocrx_word' id='word_1_348' title='bbox 779 3979 889 4054; x_wconf 83' lang='lat' dir='ltr'><strong>generis</strong></span> <span class='ocrx_word' id='word_1_349' title='bbox 910 3980 968 4031; x_wconf 87' lang='lat' dir='ltr'><strong>eius</strong></span> <span class='ocrx_word' id='word_1_350' title='bbox 987 3980 1262 4044; x_wconf 77' lang='lat' dir='ltr'><strong>commemoravimus,</strong></span> <span class='ocrx_word' id='word_1_351' title='bbox 1282 3993 1366 4047; x_wconf 82' lang='lat' dir='ltr'><strong>pauca</strong></span> 
     </span>
     <span class='ocr_line' id='line_1_42' title="bbox 268 4045 1467 4119; baseline 0.005 -23"><span class='ocrx_word' id='word_1_352' title='bbox 268 4045 396 4114; x_wconf 86' lang='lat' dir='ltr'><strong>quaedam</strong></span> <span class='ocrx_word' id='word_1_353' title='bbox 413 4048 446 4098; x_wconf 91' lang='lat' dir='ltr'><strong>de</strong></span> <span class='ocrx_word' id='word_1_354' title='bbox 465 4046 516 4098; x_wconf 91' lang='lat' dir='ltr'><strong>hoc</strong></span> <span class='ocrx_word' id='word_1_355' title='bbox 537 4048 663 4115; x_wconf 89' lang='lat' dir='ltr'><strong>dicamus,</strong></span> <span class='ocrx_word' id='word_1_356' title='bbox 684 4058 713 4103; x_wconf 90' lang='lat' dir='ltr'><strong>nt</strong></span> <span class='ocrx_word' id='word_1_357' title='bbox 733 4059 897 4119; x_wconf 82' lang='lat' dir='ltr'><strong>cognoscant</strong></span> <span class='ocrx_word' id='word_1_358' title='bbox 916 4064 1027 4116; x_wconf 87' lang='lat' dir='ltr'><strong>omnes,</strong></span> <span class='ocrx_word' id='word_1_359' title='bbox 1047 4059 1187 4119; x_wconf 89' lang='lat' dir='ltr'><strong>quantum,</strong></span> <span class='ocrx_word' id='word_1_360' title='bbox 1207 4067 1266 4104; x_wconf 91' lang='lat' dir='ltr'><strong>cum</strong></span> <span class='ocrx_word' id='word_1_361' title='bbox 1296 4049 1365 4102; x_wconf 86' lang='lat' dir='ltr'><strong>tales</strong></span> <span class='ocrx_word' id='word_1_362' title='bbox 1466 4049 1467 4058; x_wconf 76' lang='grc'>’</span> 
     </span>
     <span class='ocr_line' id='line_1_43' title="bbox 268 4119 1368 4204; baseline 0.005 -34"><span class='ocrx_word' id='word_1_363' title='bbox 268 4119 294 4170; x_wconf 88' lang='lat' dir='ltr'><strong>ci</strong></span> <span class='ocrx_word' id='word_1_364' title='bbox 313 4125 403 4174; x_wconf 85' lang='lat' dir='ltr'><strong>essent</strong></span> <span class='ocrx_word' id='word_1_365' title='bbox 420 4119 545 4189; x_wconf 84' lang='lat' dir='ltr'><strong>maiores,</strong></span> <span class='ocrx_word' id='word_1_366' title='bbox 564 4120 599 4173; x_wconf 84' lang='lat' dir='ltr'><strong>dc</strong></span> <span class='ocrx_word' id='word_1_367' title='bbox 615 4122 760 4190; x_wconf 85' lang='lat' dir='ltr'><strong>splendore</strong></span> <span class='ocrx_word' id='word_1_368' title='bbox 779 4124 884 4180; x_wconf 84' lang='lat' dir='ltr'><strong>virtutis</strong></span> <span class='ocrx_word' id='word_1_369' title='bbox 901 4130 928 4176; x_wconf 86' lang='lat' dir='ltr'><strong>et</strong></span> <span class='ocrx_word' id='word_1_370' title='bbox 943 4121 1048 4204; x_wconf 82' lang='lat' dir='ltr'><strong>gloriae</strong></span> <span class='ocrx_word' id='word_1_371' title='bbox 1068 4123 1111 4177; x_wconf 91' lang='lat' dir='ltr'><strong>bic</strong></span> <span class='ocrx_word' id='word_1_372' title='bbox 1131 4137 1177 4180; x_wconf 79' lang='lat' dir='ltr'><strong>eos</strong></span> <span class='ocrx_word' id='word_1_373' title='bbox 1198 4123 1368 4196; x_wconf 83' lang='lat' dir='ltr'><strong>superaverit</strong></span> 
     </span>
    </p>
   </div>
   <div class='ocr_carea' id='block_1_6' title="bbox 0 0 1488 4825">
    <p class='ocr_par' dir='ltr' id='par_1_6' title="bbox 0 0 1488 4825">
     <span class='ocr_line' id='line_1_44' title="bbox 0 0 1488 4825; baseline 0 0"><span class='ocrx_word' id='word_1_374' title='bbox 0 0 1488 4825; x_wconf 95' lang='lat' dir='ltr'><strong> </strong></span> 
     </span>
    </p>
   </div>
  </div>
 </body>
</html>
