2967 4825
590 177 798 248 mour.
1137 121 1240 258 'aar

136 337 197 398 λον
217 335 257 421 τῇ
277 336 408 425 άρρήτρι
429 341 519 425 φορᾷ
536 339 591 403 καὶ
612 336 1087 421 ε’κτινάξειπρσπαρασσόμενον,
1111 337 1170 424 τήν
1183 338 1245 426 gig*-
1304 359 1309 372 ¹

138 439 191 512 ξιν
209 437 321 514 βιαιάν
343 439 401 501 καί
421 432 582 519 άπότομον
603 441 756 518 ἐμποιεῖν.
801 435 957 523 τοσαύτην
980 441 1006 502 δ’
1028 431 1112 504 εἰναι
1135 442 1177 527 τῷ
1193 462 1246 504 κε-

90 536 95 542 ’
127 539 265 623 Ὗραυνίῳ
286 535 366 619 πυρί
382 535 441 620 τὴν
462 539 602 622 φυσικήν
623 563 706 623 φασι
727 542 953 622 λεπτομέρειαν
974 536 1017 616 οός
1040 543 1121 627 μηδὲ
1144 539 1247 606 δόνα-

138 637 222 700 σθαι
245 636 481 717 καταβλάπτειν
501 638 537 702 τό
559 634 705 722 μανόνῆ
724 637 926 724 όπισοίὴπστε
951 633 1008 705 σόν
1033 643 1153 725 πόρους
1173 637 1247 724 ἔχον

107 735 236 816 ὅσιόμα
257 728 280 818 ἢ
299 740 453 819 βραχείας
479 740 581 820 όπάς,
610 736 702 806 inerat
727 731 790 808 εἰσι
822 743 860 805 τά
890 765 925 807 τε
955 746 1018 806 τεόν
1046 738 1245 826 ὑφασμάτων

139 839 246 903 πίπλιι
265 836 321 900 καί
343 830 403 902 όσα
430 842 576 906 τοιαῦτα·
618 845 674 907 καί
692 845 840 908 τοσοῦτον
864 838 932 926 ότι,
954 835 1013 907 κάν
1034 840 1115 929 τύχῃ
1139 843 1245 915 λινοῦς

141 933 365 1018 άπόδτσμοςῆ
391 936 638 1020 βαμβόκινσς)
605 968 635 1024 η
664 936 775 1027 ἑτέρας
805 935 881 1027 υλης
911 945 1129 1026 ἐξυφαομὲνον
1163 936 1245 1024 ιιριίό
1312 975 1314 980 r

140 1039 257 1100 σπεόον
279 1037 510 1120 άπόδεσμον”
489 1065 562 1124 οχον
592 1045 755 1127 χρυοί,ου
790 1045 930 1130 ε’μπέση
949 1045 985 1106 δὲ
1014 1041 1167 1126 κεραυνός
1198 1044 1272 1117 titi.
1286 1056 1371 1113 idlr

70 1164 74 1175 ¹
141 1133 237 1216 αιίτό,
274 1135 307 1202 τό
336 1140 395 1218 μὲν
424 1167 583 1224 χρυσιου
578 1145 723 1208 αλλοιοῖ
748 1167 801 1216 και
831 1143 874 1218 uic
914 1147 947 1208 όν
979 1167 1097 1230 χωνεια
1130 1139 1244 1228 φλογός

95 1237 198 1309 iodea
224 1241 328 1319 βάλον
364 1248 463 1322 ποιεῖ,
497 1240 605 1310 τόδὲ
638 1226 698 1307 roo
728 1239 920 1329 ὑφάσματος
950 1237 1113 1323 σωμάτιον
1143 1241 1245 1324 οἷβλα-

139 1341 196 1420 ῥὶς
216 1341 452 1422 ιιαιαλιμπάνίι.
497 1342 551 1409 καί
571 1345 625 1410 ε’πί
643 1349 700 1412 τοῦ
722 1341 895 1428 α’νθροόπου
919 1345 954 1408 δὲ
976 1342 1145 1419 ιόσαότιος·
1189 1339 1245 1406 διά

142 1438 204 1527 γάρ
228 1445 291 1506 roda
311 1441 437 1526 άόὴλοσν
459 1444 642 1526 πόρωντοό
662 1447 810 1528 σώματος
831 1446 935 1525 ου’τοῦ1
955 1442 1178 1528 εἰσερχόμενον
1205 1440 1244 1509 τά
1282 1451 1291 1458 “

139 1545 202 1624 μὲν
223 1538 312 1608 ἔνδον
332 1543 431 1608 oritoni
454 1539 498 1620 σός
519 1545 698 1630 όλικώτερα
722 1545 777 1610 ναί
799 1544 917 1630 πόρους
940 1542 985 1628 μὴ
1002 1542 1123 1627 ’ἔχοντα
1146 1568 1246 1608 uoru-

141 1648 276 1724 νέμεται.
323 1643 357 1708 τό
382 1647 411 1708 d’
434 1636 552 1722 ἔξωθεν
569 1650 663 1728 στόμα
685 1646 834 1722 πολλάκις
850 1645 888 1709 orl
905 1648 1103 1731 καταφλέγει,
1125 1647 1179 1709 καί
1189 1640 1247 1708 εό-

98 1750 284 1830 renatum
307 1746 427 1830 κοῦφον
451 1749 515 1810 τιόν
544 1748 714 1813 ἕντοοθιοσν
743 1747 932 1830 σπλάγχνων
963 1747 1110 1822 καθάπαξ
1142 1745 1246 1810 λειπό.

140 1869 247 1926 μενον.
293 1841 323 1909 οἰ
347 1848 382 1910 δὲ
403 1848 528 1911 ἰδιῶται
548 1850 698 1931 μέγιστον
719 1844 849 1930 ἑρπετόν
866 1848 1090 1928 ,όρακοντοῖόεςι
1116 1847 1249 1912 durite-

140 1968 196 2029 γον
216 1943 275 2029 τὴν
308 1947 415 2012 αἰτίαν
439 1949 501 2012 τάν
522 1945 671 2013 τοιοότιον
699 1949 837 2030 εἰσάγειν
860 1949 996 2027 παθῶν,
1028 1943 1247 2029 ἁρπαζόμενον

141 2049 201 2128 μὲν
222 2042 286 2110 riui
311 2044 451 2131 άοράτου
474 2045 557 2123 τινός
580 2044 763 2129 δυνάμεως,
783 2041 872 2126 daura
897 2049 932 2112 δὲ
959 2047 1015 2112 καί
1035 2047 1169 2128 δυνάμει
1192 2049 1248 2130 τῆς
1300 2039 1304 2042 ”

141 2151 176 2212 ἐν
194 2147 280 2234 ου’τρί
301 2149 497 2232 τραχύτητος
518 2150 574 2214 καί
594 2151 654 2214 τῶν
674 2142 811 2232 ἑλιγμῶν
839 2145 878 2213 τά
902 2148 1125 2231 προστυχόντα
1150 2149 1249 2228 διαρ-

98 2248 307 2334 2ορηγνόειν,
329 2243 409 2313 ὅπου
433 2250 556 2334 δηλαδὴ
574 2249 659 2340 Υτάχη
682 2248 737 2326 τάς
771 2251 978 2325 άντιιττοόσεις
1009 2252 1062 2312 καί
1090 2247 1248 2314 οἰντισπά-

141 2371 210 2425 οεις
234 2348 335 2415 αὐτοῦ
356 2352 575 2436 προσερείόειν
597 2356 653 2416 καί
676 2351 872 2434 ἀντιβαίνειν
894 2358 958 2425 τοῖς
980 2347 1118 2415 ἕλκουσι.

244 2448 314 2517 Καί
334 2447 369 2515 τό
391 2450 588 2532 uitiatori
613 2455 706 2537 οίὲρος
729 2455 844 2535 ,δεῖγμα
865 2454 1006 2517 τοιοῦτον
1030 2451 1246 2517 καίτοοοῦτον

141 2558 206 2626 τοῖς
237 2552 491 2637 φιλοπράγμοσιν
519 2555 680 2634 ἑμποιοόυ.
724 2552 740 2616 ό
772 2556 807 2618 di
828 2550 981 2637 βασιλεός
1001 2553 1063 2618 τάν
1085 2553 1246 2637 προτέρων

217 2697 274 2835 16..1
277 2707 485 2835 {quadrivii
538 2716 819 2802 narrentanorum
844 2716 920 2770 deest
943 2714 1102 2789 διοταγμίν
1119 2712 1167 2800 vel
1184 2710 1248 2782 quid

215 2799 239 2837 ιι
266 2784 312 2837 ie.

145 2933 287 2987 fracturum
311 2932 458 2984 uiolentam
485 2941 512 2985 et
529 2934 705 3001 praecipitem
724 2934 857 2986 exaitare:
886 2942 985 2987 tanturn
1004 2940 1092 2987 autam
1111 2948 1172 2987 esto
1191 2932 1247 2987 lul-

145 3006 234 3056 mineo
254 3004 310 3073 igni
329 3003 478 3056 naturalem
496 3006 668 3070 tenuitatem,
688 3014 718 3057 ut
735 3020 790 3057 non
814 3006 899 3072 possit
921 3006 1016 3057 damno
1035 3005 1145 3056 afficere
1166 3012 1248 3061 λοοιισ

145 3073 192 3128 uel
211 3076 400 3145 quovismodo
433 3084 535 3128 meatus
562 3076 663 3128 babens
687 3092 784 3144 corpus
813 3076 858 3127 vel
876 3075 971 3128 brevia
995 3076 1135 3139 foramina,
1154 3074 1249 3143 quales

146 3153 208 3200 sunt
225 3153 358 3199 textorum
377 3156 467 3201 vestes
485 3155 511 3199 et
524 3146 603 3199 talia:
622 3157 703 3217 atque
722 3149 774 3212 ita,
794 3154 823 3198 ut
841 3148 863 3199 si
884 3155 925 3199 eat
946 3163 979 3214 ex
998 3146 1054 3198 lino
1074 3147 1249 3215 ligamentum

146 3216 193 3270 vel
208 3217 397 3285 bombycinum
425 3220 470 3272 vel
491 3218 596 3272 exalia
620 3220 729 3271 materie
755 3226 827 3271 texta
845 3220 936 3271 instita
955 3219 1127 3287 ligamentum
1140 3217 1248 3271 'habens

146 3305 265 3354 aureum,
287 3298 313 3341 et
330 3290 425 3342 incidit
444 3290 546 3342 fulmen
565 3292 592 3341 in
611 3289 688 3357 illud,
709 3306 800 3343 aurum
821 3298 936 3343 mutetur
955 3299 983 3343 et
1001 3298 1125 3358 tunquam
1144 3288 1247 3343 conllu.

147 3372 206 3415 tura
226 3361 346 3414 dammae
366 3378 447 3419 unum
472 3363 581 3430 globum
597 3370 748 3430 componat,
768 3372 868 3415 textum
897 3371 985 3415 autem
1005 3376 1102 3429 corpus
1121 3362 1251 3413 intactum

114 3466 119 3473 -
146 3433 298 3502 relinquat:
317 3440 397 3500 utque
416 3434 444 3485 iu
465 3434 572 3485 bomine
591 3435 664 3485 item.
702 3450 751 3502 per
764 3434 891 3487 obscuros
919 3436 987 3486 enirn
1006 3441 1108 3485 meatus
1127 3434 1249 3499 corporis

146 3509 313 3574 ingressum,
340 3505 483 3561 interiores
510 3507 567 3557 eius
586 3514 689 3572 partes,
717 3514 747 3557 ut
765 3507 849 3574 magis
876 3520 1019 3573 corporeas
1037 3520 1126 3573 neque
1145 3512 1254 3557 meame-

147 3576 286 3639 hnbentes,
306 3576 441 3642 depascit,
469 3587 606 3630 externum
632 3586 720 3629 autem
747 3592 844 3644 corpus
872 3592 952 3645 saepe
980 3592 1034 3630 uon
1054 3577 1208 3639 comburit,
1222 3582 1249 3626 et

147 3648 284 3701 invenitur
303 3648 383 3700 inane
408 3649 542 3701 intestinis
561 3649 649 3703 subito
667 3648 801 3701 relietum
851 3649 966 3715 imperiti
986 3657 1074 3701 autem
1094 3656 1187 3701 eontra
1203 3648 1247 3699 dt.

148 3719 245 3771 cebant
262 3720 404 3771 maximum
423 3736 541 3771 vermem
562 3722 686 3773 draconis
703 3721 788 3773 instar
807 3736 910 3773 causam
930 3720 1022 3771 talium
1040 3720 1147 3773 inferro
1159 3714 1248 3771 mulo

146 3807 219 3843 rum:
245 3798 347 3858 raptum
372 3790 405 3841 ab
425 3791 556 3842 invisibili
581 3793 713 3857 potentia,
739 3807 794 3842 une
778 3791 873 3859 guibus
893 3800 980 3843 autem
1009 3800 1036 3843 et
1055 3794 1081 3843 vi
1101 3790 1249 3845 celeritatis

149 3870 175 3914 et
195 3860 328 3913 turbinum
353 3862 466 3924 adversa
483 3879 672 3929 perrumpere,
692 3863 798 3931 quando
817 3862 905 3914 illidat
934 3864 1094 3915 eontrarium
1113 3876 1201 3913 muru
1222 3868 1250 3913 et

147 3934 328 3986 resistentiam
356 3941 383 3983 et
401 3941 494 3985 contra
512 3950 543 3985 ac
560 3934 697 3987 trahentes
717 3942 777 3998 eat,
798 3942 879 4001 atque
898 3948 932 3985 ex
950 3938 1012 3985 aere
1031 3942 1175 3987 monstrum
1192 3934 1248 3985 tale
1304 3942 1307 3947 '

150 4013 176 4058 et
195 4011 296 4057 tanturn
315 4004 466 4072 negotiosis
485 4004 603 4058 efficere·

251 4093 303 4146 Sed
322 4110 370 4147 rex
388 4093 523 4162 prioribus
535 4097 644 4150 studens
664 4104 691 4148 et
707 4102 789 4149 noctu
810 4102 836 4147 et
854 4096 896 4147 die
916 4090 1088 4165 generalibus
1106 4094 1214 4149 robus
1205 4106 1248 4147 m.
1311 4092 1316 4101 '
