2967 4825
263 232 315 313 ἰε
381 306 420 329 ,ς
561 246 779 317 urcnnrms
808 223 1070 345 rrrmron'tu
1134 281 1137 284 -
1226 277 1228 286 ·

265 394 459 494 τεμόμψαόσ,
483 404 530 477 ότι
551 414 608 477 τοῦ
636 411 751 493 καιροῦ
773 410 917 486 διδόντος
942 408 976 475 τό
999 408 1155 495 πρότερον
1180 413 1372 493 pataron.

208 502 215 515 ⁸
265 534 321 595 ρον
344 511 441 589 αότός
460 512 515 598 τήν
535 514 721 600 φιλοτιμίαν
744 512 882 591 ἐδέξατο.
926 514 982 577 καί
1001 509 1070 579 τότε
1084 509 1194 577 λοιπόν
1213 514 1259 587 είς
1280 510 1374 598 ἔργον

261 610 282 699 ό
304 614 393 695 λόγος
414 618 591 700 ἐκβέβηκεν,
607 608 655 678 ότι
678 617 721 699 τῷ
740 614 911 699 Ἐπιμηθεῖ
926 612 959 677 τό
976 617 1036 696 μὲν
1053 618 1160 695 μέλειν
1182 614 1241 677 συ’κ
1261 604 1311 698 η’ν,
1334 615 1371 677 τό

266 715 302 779 δὲ
322 719 510 795 μεταμέλειν
530 712 612 799 ἐνῆν.
636 712 771 790 πολλοὺς
800 716 829 777 δ’
851 713 1110 800 ε’μπεριιιατήσας
1132 712 1295 791 διαόλους
1308 716 1369 799 πρό

265 818 327 879 τιόν
348 818 479 898 τειχιόν,
509 810 578 881 εἶτα
610 812 684 890 τοός
705 810 883 889 ἑαλωκότας
915 811 1106 901 προογαγοόν
1132 817 1189 878 καί
1208 816 1393 898 διαχειρί.5
1468 803 1470 838 ¹

265 918 388 981 σασθαι
420 912 550 993 τούτους
576 913 843 997 ε’παπιιλοόμενος
874 916 906 979 εἰ
929 914 973 1000 μή
994 914 1050 999 τήν
1081 912 1206 980 εἴσοδον
1227 916 1318 1001 crispi
1341 912 1371 979 ot

243 1011 367 1095 ,όντός
383 1019 608 1101 ε’πιτρδψαιεν,
628 1014 672 1091 οός
694 1005 774 1099 όγνιο
794 1013 898 1099 μότην
917 1012 952 1081 τό
983 1018 1040 1080 τοῦ
1065 1016 1158 1099 λόγου
1180 1020 1372 1100 θυροκοποόν

265 1114 320 1181 καί
340 1117 419 1200 πρός
445 1120 577 1203 Κρήτας
598 1119 770 1204 κρητίζων,
790 1116 1026 1210 σ’πισθόρμητος
1047 1120 1163 1203 γέγονε.

369 1222 440 1283 Καί
467 1244 557 1295 τινας
591 1218 711 1305 ἡμέρας
747 1222 781 1282 ἐν
809 1218 1010 1302 Θερμυπόλει
1023 1218 1030 1230 ”
1044 1216 1371 1305 ἐπιστρατευσάμενος
1453 1224 1468 1259 -’

267 1313 400 1403 ἕτερος,
429 1320 608 1403 ἀρξαμένου
629 1320 688 1383 rori
709 1314 852 1403 πλήθους
876 1320 976 1383 ου’τοό
995 1318 1146 1404 όπορρεῖν
1164 1324 1223 1385 καί
1244 1314 1289 1409 τήν
1307 1325 1407 1402 iio-10
1467 1315 1470 1354 ³

265 1424 350 1495 σιλεῑ
368 1425 554 1506 προσιέναι,
582 1414 663 1503 ἄρας
694 1423 816 1485 ἐκεῖθεν
838 1419 950 1495 νυκτός
979 1418 1056 1503 πρός
1075 1414 1212 1504 ἑσπέραν
1232 1422 1371 1508 ε’βοόδιζε,
1468 1418 1470 1438 '

265 1520 320 1585 καί
340 1520 419 1587 κατὰ
445 1525 500 1603 τής
517 1520 704 1585 Ῥαιδεστοῦ
725 1517 834 1606 (πόλις
854 1514 989 1604 δὲαότη
1012 1519 1177 1605 παρόλιος,
1199 1525 1371 1605 τήςΠροι-

264 1620 415 1707 ιἰοννήσου
440 1623 607 1710 ἀπέναντι)
630 1624 828 1710 πανστρατιᾷ
862 1618 1063 1708 ἔξωρμήσατο
1084 1620 1179 1707 (μόνη
1200 1621 1262 1708 γὰρ
1289 1620 1370 1708 αὕτη

204 1804 208 1809 ⁸
262 1724 328 1788 τῶν
351 1724 581 1788 Μακεδονικῶν
610 1725 648 1786 ori
680 1719 873 1808 συναπήχθη
900 1719 1002 1813 τοότιρ
1034 1725 1091 1787 κοί
1123 1724 1369 1811 συνεφρόνησε),

264 1825 409 1889 συνόδων
429 1822 506 1889 nursi
531 1820 644 1909 κρότος
675 1822 758 1911 sitis
787 1821 844 1909 τήν
878 1823 969 1889 πόλιν
998 1823 1054 1889 καί
1074 1827 1118 1889 δι’
1149 1825 1406 1909 carpenum-15
1465 1854 1468 1867 ι

264 1928 377 2013 πλῆξαι
407 1922 481 2001 πυός
512 1917 761 2011 ἀντιβαίνοντας.
812 1926 1003 2011 προσραγείς
1030 1929 1065 1991 δὲ
1087 1933 1152 2002 τοῖς
1173 1928 1294 2011 τείχεσι
1317 1933 1372 1994 καί
1400 1983 1402 1985 ,

263 2025 410 2111 μηχανὰς
430 2023 602 2112 ἐπιστήσας
625 2030 743 2109 ου’τοῖς,
767 2031 829 2120 ταῖν
859 2024 949 2092 ἔνδον
966 2025 1137 2112 εόρσόοτως
1158 2027 1369 2112 δυτιγοονιζο.

263 2130 367 2209 μένων
388 2122 545 2211 ἄπρακτος
568 2125 746 2215 οἷπηλλόγη,
767 2130 868 2215 μηδὲν
897 2128 1116 2213 κατωρθωκώς
1140 2121 1241 2213 οδνπερ
1266 2131 1370 2212 διενο-
1467 2175 1468 2196 t

264 2224 372 2313 ήσαιο.
422 2224 455 2307 ἐξ
477 2230 598 2293 ἐκεινου
620 2229 726 2295 τοίνυν
747 2230 805 2315 τήν
824 2230 1027 2316 παρεμβολήν
1049 2234 1084 2297 ἓν
1108 2239 1174 2305 τοῖς
1194 2236 1370 2315 μεσογείοις

262 2331 457 2414 προθέμενος
490 2328 675 2413 ἐκαραδόκει
698 2330 733 2395 τὸ
758 2338 884 2415 μέλλον.
936 2326 1074 2417 ἤρξαντο
1095 2334 1130 2397 δὲ
1149 2332 1205 2397 καί
1223 2330 1286 2397 cino*
1307 2337 1407 2401 τεόνλλ)
1464 2312 1470 2340 Ἷ

263 2456 318 2515 της
338 2427 421 2507 εοόας
449 2434 558 2498 πολλοι
592 2431 683 2516 πρός
695 2459 754 2518 την
777 2434 1050 2516 βασιλεύουσαν
1034 2443 1197 2554 επιρρεῖν,
1221 2441 1370 2526 πανταχῆ
1468 2476 1470 2483 ·

263 2529 457 2616 γραμμάτιον
492 2535 768 2620 ε’πιφοιτησόντσιν
788 2536 979 2616 βασιλικῶν
1031 2561 1084 2601 και
1107 2534 1266 2620 προιόντες
1287 2543 1371 2616 τινὲς
1467 2574 1470 2671 η

222 2725 223 2728 ¹
262 2627 447 2717 όπσοπόδις
480 2629 644 2720 ἐξήπτοντο
677 2661 739 2708 rota
760 2641 967 2719 πεμπομένων,
989 2637 1049 2724 πρό
1080 2642 1134 2723 τής
1155 2643 1370 2727 παρεμβολῆς,

226 2972 228 2976 ·
266 2957 338 3030 quod
367 2959 426 3009 cum
445 2959 552 3012 occasio
578 2959 603 3010 ei
622 2957 791 3027 praebuisset
818 2959 973 3024 victoriam,
1002 2957 1111 3012 mollius
1143 2961 1370 3028 ipse,ccrtamen

264 3037 414 3084 tractasset.
452 3039 533 3098 atque
550 3039 604 3082 tum
624 3040 723 3084 eventu
742 3032 880 3098 probatum
901 3040 942 3085 est
964 3032 1146 3098 proverbium,
1166 3033 1237 3100 quod
1257 3033 1371 3100 Epime-

263 3103 328 3155 theo
339 3119 428 3154 curam
443 3119 496 3154 non
509 3112 652 3170 suppetere
666 3107 711 3167 ait,
725 3113 868 3170 suppetere
879 3105 1078 3171 poenitentiam.
1099 3105 1195 3156 multas
1207 3113 1296 3156 autem
1310 3121 1371 3157 cum
1388 3168 1390 3174 ,

265 3175 441 3242 percurrisset
459 3177 517 3227 vias
538 3183 598 3226 ante
618 3191 721 3239 muros,
742 3177 838 3227 deiude
857 3184 948 3243 captos
961 3176 1131 3242 produxisset
1149 3184 1176 3226 et
1195 3191 1225 3227 se
1241 3179 1372 3228 trucidari

265 3247 314 3298 hos
334 3247 466 3298 iussurum
484 3249 618 3298 minitatus
639 3257 728 3311 esset,
757 3249 810 3299 nisi
828 3249 925 3299 aditum
945 3249 970 3298 ei
994 3248 1039 3314 qui
1057 3248 1129 3299 intus
1149 3256 1223 3298 eraut
1241 3249 1371 3302 tradidis.

264 3327 333 3384 sent,
353 3327 491 3390 postquam
513 3321 642 3388 cognovit
660 3319 757 3371 frustra
776 3320 847 3371 dicta
866 3335 926 3371 esse
944 3319 1037 3383 verba,
1056 3327 1146 3385 portas
1163 3319 1273 3386 pulsans
1294 3329 1322 3371 et
1341 3331 1371 3372 ut

264 3391 296 3442 ad
316 3391 458 3445 Cretenses
478 3393 554 3460 quasi
574 3391 710 3444 Cretensis
728 3393 853 3442 mentitus
872 3392 960 3443 rediit.
1006 3394 1010 3399 '

361 3463 397 3528 Et
420 3462 565 3514 nonnullos
592 3463 650 3514 dies
676 3462 870 3529 Thermopylae
902 3470 1040 3529 postquam
1068 3469 1155 3513 castra
1179 3463 1270 3529 posuit
1287 3463 1369 3528 alios,

264 3550 323 3586 cum
343 3535 478 3600 coepisset
501 3533 641 3584 multitudo
669 3535 693 3584 ei
713 3533 832 3586 defluere
861 3542 888 3584 et
914 3535 946 3585 ad
971 3548 1063 3601 regem
1087 3535 1143 3599 ire,
1170 3536 1288 3586 surrexit
1305 3536 1369 3587 iude

262 3613 345 3658 noctu
366 3605 443 3656 etad
463 3605 628 3656 occidentem
655 3605 711 3657 ibat
737 3614 764 3656 et
782 3614 874 3657 contra
891 3605 1043 3657 Raidestum
1070 3605 1147 3673 (urbs
1165 3614 1207 3657 est
1223 3606 1291 3658 haec
1308 3621 1368 3658 ma.

264 3678 352 3730 citima
371 3675 570 3727 Proconuesum
595 3681 705 3748 versus)
732 3692 791 3728 cum
815 3686 872 3728 toto
887 3679 1007 3743 exercitu
1026 3684 1120 3728 vectus
1143 3685 1198 3741 est3
1216 3677 1275 3728 sola
1296 3681 1368 3730 enim
1454 3706 1457 3710 »

264 3749 332 3800 haec
349 3747 413 3800 urbs
434 3743 663 3800 Macedonicarum
687 3763 741 3800 non
770 3749 897 3801 subducta
924 3757 981 3801 erat
999 3747 1030 3799 ab
1051 3748 1118 3833 σοι,
1147 3757 1173 3799 et
1190 3749 1369 3802 meditabatur

264 3819 374 3872 studens
395 3819 423 3870 vi
443 3834 577 3886 occupare
595 3819 686 3872 urbem
714 3828 740 3871 ct
764 3837 813 3888 per
839 3837 896 3872 eam
920 3828 1050 3872 terrorem
1070 3821 1183 3872 iniicere
1202 3823 1368 3889 aggredien-

263 3892 343 3942 tibus
363 3906 526 3958 aggressus
553 3901 640 3944 autem
669 3893 776 3944 moenia
804 3902 830 3943 et
852 3892 981 3944 machinis
1007 3893 1137 3959 oppositis
1160 3893 1210 3956 iis,
1241 3907 1302 3942 cum
1321 3896 1373 3962 qui

263 3964 333 4014 intus
354 3971 430 4014 crant
448 3961 538 4014 valide
557 3965 723 4028 resisterent,
745 3964 852 4015 iniectis
871 3963 950 4015 rebus
971 3963 1052 4024 abiit,
1072 3971 1210 4032 postquam
1231 3963 1299 4014 nihil
1319 3980 1367 4015 re.

263 4035 499 4100 pertentaturum,
520 4050 588 4102 quae
607 4036 746 4086 meditatus
766 4043 831 4087 erat.
870 4051 903 4085 ex
924 4050 955 4085 eo
974 4037 1056 4103 igitur
1074 4043 1194 4100 tempore
1214 4037 1319 4099 castris,
1339 4039 1367 4087 in

263 4105 464 4156 mediterraneis
484 4108 578 4172 positis
599 4107 770 4174 exspectabat
795 4107 919 4158 futurum.
959 4113 1102 4172 coeperant
1128 4115 1214 4157 autem
1234 4107 1313 4157 ctiam
1333 4123 1367 4158 ex

263 4177 367 4231 oriente
385 4176 461 4229 multi
481 4179 513 4230 ad
533 4178 673 4248 capitalem
692 4178 805 4232 affluere
830 4179 929 4248 ubique
957 4178 1043 4232 literis
1062 4176 1207 4255 (tivalgatis
1226 4177 1319 4248 regiis,
1340 4186 1373 4238 ct,
