2967 4825
282 248 355 344 66
568 264 788 342 urcnrncrs
819 267 1079 337 irracionnn
1188 331 1191 339 .

280 442 424 522 βασιλίδι
444 430 672 529 ἐπιδεδήμηκε,
701 432 737 497 τὸ
762 436 876 499 οἰκεῖον
901 434 1021 515 πλῆθος
1040 426 1229 494 καταλιπών
1249 449 1302 489 και
1324 422 1384 508 τὴν

281 540 477 620 αὐτομολίαν
498 534 735 659 αῖρετισάμενες
759 533 980 619 α’προαίρετον.
1023 535 1077 595 καί
1098 530 1116 613 6
1140 530 1237 609 αἰτία,
1261 520 1382 606 ὅτιπερ
1467 584 1472 593 ,

281 638 494 714 δσσυλτᾰνος
528 637 544 702 6
575 640 631 720 τῆς
660 638 808 718 Περσίας
836 636 977 716 κρατῶν,
1010 627 1217 712 δοσμενῶς”
1197 652 1280 710 εχων
1302 623 1384 709 πρὸς

279 745 391 808 τοῦτον
423 740 465 816 ῶς
494 738 696 824 ἀποστάτην,
728 735 884 821 στρατιῶν
911 738 976 801 κατ’
998 735 1098 798 ον’τοῦ
1120 735 1174 796 καί
1202 726 1383 811 α’γελάρχην

280 842 483 908 ἀπέστειλεν·
513 829 558 905 ῶν
579 842 624 927 τῷ
647 838 738 926 φόβῳ
763 833 981 909 καταοεισθείς
1002 835 1059 897 ουίι
1083 825 1186 907 ἄλλως
1206 829 1408 913 διαδρᾶναι5

278 946 333 1010 τὸν
359 945 504 1009 κίνδυνον
529 932 786 1024 διεοκόπηοενῆ
809 942 858 1057 τρῖ
879 944 1075 1061 προσφυγεῖν
1106 936 1150 1051 66
1171 936 1303 1014 βασιλεῖ
1316 931 1381 993 τῶν

179 1126 183 1130 ,
276 1040 452 1127 Ρωμαίων.
499 1036 575 1124 666
599 1065 651 1104 ιιαι
686 1038 766 1104 κατοὶ
790 1041 865 1103 νοῶν
889 1036 974 1157 αρ’τῷ
1002 1031 1255 1119 προκεχώρηκεν·
1299 1028 1383 1093 666-

280 1149 384 1272 δίγθη
414 1150 473 1225 μὲν
504 1144 587 1226 γάρ,
610 1144 665 1206 καί
686 1138 796 1222 οἷοινὴς
825 1140 867 1227 τῷ
891 1137 964 1261 οἴκηι
987 1139 1043 1202 τοῦ
1068 1137 1283 1207 διασωθέντος
1306 1132 1383 1213 παρ’

281 1250 379 1312 66ro6
405 1242 645 1365 666666626166
667 1243 882 1363 προοεδέχθη.
939 1238 954 1301 6
978 1242 1014 1304 66
1032 1237 1183 1319 βασιλεύς
1207 1235 1265 1297 ουίι
1286 1227 1385 1298 εὔθε-

279 1372 331 1425 τος
352 1351 439 1435 αὐτῷ
464 1345 640 1432 κατεφάνη,
663 1341 706 1429 μη“
730 1350 797 1407 κατ’
820 1336 897 1423 ὄψιν
922 1338 1020 1406 αὐτὸν
1042 1336 1167 1421 α’γαγῶν
1190 1335 1272 1399 δι’ι
1253 1359 1383 1419 ημερων
1395 1351 1429 1405 10

115 1448 125 1461 ’
168 1475 175 1483 ·
281 1453 339 1515 οίκ
359 1451 483 1532 σ’λίγων.
527 1441 595 1511 εἶτα
624 1447 679 1529 τῆς
699 1442 877 1527 συγκλήτου
911 1439 1121 1522 συνάθροισιν
1141 1434 1219 1519 μετὰ
1244 1440 1299 1520 τῆς
1321 1461 1385 1501 σο-

279 1555 398 1637 νὴθους
429 1549 673 1665 λαμπροφορίας
707 1544 918 1629 ποιησάμενος
946 1540 1005 1629 ὁρᾷ
1037 1542 1149 1605 τοῦτον
1179 1540 1278 1627 ἐντῶ
1299 1563 1385 1623 χρο-
1459 1632 1464 1643 .

280 1655 461 1738 οοτρικλίνηι
492 1653 565 1734 περὶ
583 1646 637 1732 την
666 1649 723 1711 τοῦ
752 1648 847 1766 ἧλίορ
878 1641 1032 1726 ἐπιτολήν.
1076 1644 1143 1707 τότε
1166 1644 1202 1707 δε
1217 1664 1331 1718 παντες
1352 1640 1384 1705 οἱ

227 1794 232 1803 ·
255 1749 439 1828 ·σονιόντες
461 1755 514 1815 καί
535 1747 569 1814 τὰ
592 1748 790 1841 διανοητικόν
814 1744 869 1810 εἰτ’
889 1738 947 1810 666
969 1743 1189 1865 αἰσθητικὸν
1175 1739 1384 1825 ισχυρότερον

279 1852 404 1935 ἔχοντες
427 1851 480 1916 ε’πί
502 1844 614 1932 μεῖζον
633 1848 692 1935 τὴν
716 1845 828 1936 φωνην
850 1840 930 1931 ἦραν
951 1871 1002 1910 και
1025 1844 1182 1920 τὸπάθος
1204 1840 1316 1960 ἐξῆραν
1339 1868 1385 1919 ως
1397 1850 1431 1905 15

279 1953 315 2017 τδ
339 1948 441 2027 εἰκός
485 1954 630 2067 νέοςμὲν
652 1949 713 2035 γοὶρ
739 1942 815 2033 η’νὸ
845 1951 966 2034 φανείς,
989 1954 1146 2029 πυγμαϊος
1177 1947 1212 2008 66
1233 1942 1289 2064 την
1310 1940 1385 2028 ἡλι-
1481 2014 1482 2023 ³

280 2057 352 2118 κίαν
376 2051 503 2135 σχεδόν,
527 2052 586 2137 την,
607 2045 684 2134 ὅφιν
705 2049 832 2169 Σκύθης
855 2052 909 2113 καί
930 2042 1058 2130 ἄχαρις,
1078 2042 1185 2130 ἐπειδὴ
1208 2048 1264 2109 καί
1285 2049 1385 2111 τοῦτο

279 2153 315 2218 τὸ
333 2156 457 2235 γένος’
441 2178 476 2219 εκ
498 2157 631 2217 Σκυθῶν
652 2154 777 2235 καὶτῆς
799 2148 926 2221 ἐκείνων
947 2150 1137 2233 κακοηθείας
1159 2171 1213 2210 και
1208 2147 1434 2231 δυσμορᾘ

280 2258 358 2341 φίας
379 2254 560 2337 κατάγεται.
581 2253 716 2339 τιμήσας
739 2256 775 2317 66
797 2256 906 2318 τοῦτον
931 2276 945 2313 o
935 2246 1118 2333 βασιλευς
1137 2249 1305 2334 πρόεδρον,
1331 2274 1386 2315 και
1426 2270 1431 2285 ’

277 2341 505 2480 συμβαλέσθαι
527 2360 638 2422 τοῦτον
659 2352 736 2441 πρὸς
755 2353 812 2440 τήν
834 2353 911 2420 κατὰ
929 2356 990 2419 τῶν
1005 2350 1159 2477 Τρίριιοιν
1179 2352 1431 2437 ε’κοτρατειαν20

277 2457 319 2521 66
340 2461 461 2540 μικρῶς
483 2460 612 2545 οἰηθείς,
633 2460 666 2536 ἐξ
687 2461 809 2521 ἐκείνου
832 2459 950 2521 διεῖπεν
972 2454 1077 2520 αὐτόν.
1480 2457 1481 2462 ’

285 2639 291 2652 Ι
400 2563 471 2626 Καί
500 2557 558 2643 την
582 2563 619 2624 6-
649 2562 688 2645 16
711 2554 929 2647 βασιλευούσῃ
958 2557 1219 2639 παραχειμασίαν
1249 2557 1384 2632 τελέσας

280 2659 450 2745 κατάλογον
483 2661 687 2746 στρατιωτῶν
701 2662 891 2744 ’ἐπεποίητο
948 2660 1003 2724 καί
1030 2660 1279 2743 διαπεραιωθεὶς
1305 2650 1384 2744 ἄρτι

350 2828 392 2882 17.
414 2833 462 2886 ent
481 2830 513 2885 δὲ
531 2830 561 2885 ὓ.

280 2985 361 3022 causo
379 2977 445 3034 erat,
464 2970 534 3038 quod
554 2969 691 3034 soltanus,
710 2969 827 3023 Persidis
849 2971 1010 3038 imperator,
1030 2971 1153 3023 inimicus
1172 2969 1234 3022 huic
1254 2978 1382 3039 tunquam

279 3042 408 3110 proditori
435 3043 583 3093 exercitum
608 3050 701 3095 contra
727 3059 785 3094 eum
815 3051 847 3094 et
859 3043 971 3112 agminia
1003 3043 1095 3094 ducem
1118 3043 1242 3095 miserat:
1265 3057 1383 3110 quorum

279 3121 352 3165 metu
371 3114 511 3181 perculsus
531 3129 585 3165 non
604 3113 683 3167 aliter
702 3130 731 3166 ae
752 3115 872 3184 effugere
887 3113 1034 3181 pericnlum
1052 3114 1190 3181 perspexit
1207 3115 1260 3166 nisi
1279 3115 1383 3166 confu-
1478 3169 1479 3176 η

265 3193 358 3254 ρετοι
381 3187 414 3238 ad
435 3202 527 3255 regem
550 3186 726 3239 Graecorum:
757 3188 783 3239 id
809 3187 879 3255 quod
908 3187 986 3239 etiam
1015 3203 1048 3237 ex
1074 3187 1162 3238 animo
1189 3187 1214 3237 ei
1233 3188 1381 3254 processit.

280 3268 408 3326 exceptus
429 3260 496 3310 enirn
518 3267 567 3322 eat,
588 3267 614 3310 et
631 3258 774 3311 incolumia
792 3259 869 3311 domo
889 3259 989 3310 servati
1008 3259 1040 3309 ab
1064 3273 1096 3309 eo
1125 3256 1274 3325 curopalati
1296 3273 1383 3310 acoe-

279 3339 341 3398 ptua
361 3338 409 3384 eat.
447 3346 496 3382 rex
514 3338 600 3381 autern
618 3345 671 3381 non
691 3331 784 3382 favere
800 3332 825 3381 ei
844 3331 919 3381 visua
939 3337 987 3394 eat,
1008 3345 1066 3380 curn
1085 3331 1185 3382 nonin
1205 3338 1383 3396 conspectum

279 3419 354 3466 auum
375 3419 434 3454 enm
453 3402 597 3454 adduceret
614 3417 663 3468 per
681 3402 738 3452 dieo
759 3417 812 3452 nou
831 3399 947 3468 pauco'63
975 3401 1070 3452 deinde
1089 3409 1196 3452 senatus
1215 3410 1382 3453 conventum

280 3490 339 3526 cum
359 3475 439 3527 ooiita
460 3473 657 3541 magnificentia
675 3474 817 3524 instituens
838 3473 912 3524 videt
931 3471 1001 3524 hunc
1019 3474 1046 3523 in
1065 3487 1148 3524 aureo
1166 3471 1286 3525 triclinio
1306 3474 1383 3524 circa
1477 3533 1478 3544 η

279 3546 364 3598 colem
384 3547 523 3597 orientem.
560 3551 614 3594 tum
628 3552 716 3596 autem
734 3559 827 3595 omnes
847 3545 892 3612 qui
914 3545 1038 3595 adessent
1057 3552 1083 3595 et
1101 3545 1216 3596 animum
1235 3545 1295 3596 sive
1312 3559 1382 3596 sen.

279 3633 335 3669 aum
355 3616 513 3669 validiorem
532 3613 670 3680 haberent,
689 3616 774 3683 magis
792 3630 887 3666 vocem
906 3615 1052 3681 tollebant,
1074 3623 1100 3666 et
1117 3615 1187 3684 quod
1205 3631 1299 3683 pasena
1321 3623 1383 3668 erat

280 3687 428 3739 efferebant
445 3695 476 3738 ut
493 3702 606 3753 acquum
636 3695 700 3738 erat
746 3686 852 3738 iuvenis
873 3688 941 3738 enim
962 3695 1018 3739 erat
1037 3687 1104 3750 illo,
1123 3701 1269 3756 pygmaeus
1289 3696 1383 3740 auteur

198 3761 209 3776 ·
280 3758 339 3810 iere
361 3758 432 3824 quod
451 3765 565 3809 aetatem
584 3758 693 3820 attinet3
714 3758 784 3826 qnod
803 3767 948 3824 aspectum,
975 3758 1075 3824 Scytha
1096 3766 1122 3810 et
1140 3760 1248 3810 minime
1268 3760 1382 3812 suavia:

279 3831 404 3898 quoniam
424 3829 510 3885 etiam
521 3828 573 3880 hoc
591 3844 677 3896 genus
695 3827 830 3901 aScythia
850 3839 876 3882 et
894 3830 1001 3882 illorum
1020 3831 1153 3897 pravitate
1172 3838 1199 3881 et
1217 3830 1383 3882 deformita-

279 3903 341 3954 dine
360 3902 507 3954 deducitur.
553 3899 623 3952 hunc
652 3907 739 3952 antem
758 3916 806 3952 rex
825 3903 954 3969 praesidis
973 3895 1105 3969 dignitate?
1128 3903 1248 3966 ornavit,
1269 3911 1297 3954 et
1315 3903 1384 3970 quin

277 3973 361 4025 multa
381 3990 441 4025 eum
458 3973 491 4024 ad
518 3973 713 4040 expeditionem
743 3981 835 4024 contra
854 3973 950 4025 ancaa
981 3972 1138 4025 collaturum
1158 3973 1277 4041 putabat,
1297 3973 1383 4026 furni..

278 4043 382 4097 liariter
401 4060 434 4096 co
453 4045 550 4099 exinde
568 4059 631 4096 naua
651 4051 700 4097 cat.

379 4134 413 4187 Et
431 4132 577 4187 hibernia
569 4148 597 4184 rn
609 4133 688 4217 regia
698 4134 813 4200 peractio
827 4131 959 4184 delectum
973 4133 1104 4186 militum
1096 4136 1229 4191 instituit:
1249 4142 1277 4186 et
1287 4142 1384 4188 mna-

279 4219 391 4282 γιεττστ
407 4205 486 4268 modo
514 4221 581 4260 τοτε
607 4204 755 4274 incipiente
784 4205 856 4258 cirea
879 4205 965 4273 ipsum
989 4205 1058 4262 dion
1077 4205 1191 4266 itluruir
1210 4207 1298 4262 dictae
1316 4207 1387 4263 tidoi
