2967 4825
249 259 324 349 tat
537 256 757 331 ιιισιιιιιιι
789 246 1048 327 immotas

248 416 361 493 όόειαν
383 422 507 494 ἀόάαιιε
535 432 600 502 τοῖς
632 422 786 497 ἀναντλοις
816 425 860 498 εἰς
881 416 936 503 την
957 417 1144 505 ἀποφυγην,
1166 404 1249 482 ύστε
1267 412 1352 496 μηόό

247 550 301 643 της
323 528 410 603 λειάς
432 524 645 647 ἀποσχέσθαι,
666 522 747 591 ἀλλά
768 527 824 589 καί
844 520 963 605 ταύτην
983 516 1125 585 ἐλαύνειν
1144 513 1200 581 καί
1221 508 1353 587 ἀλύπως

247 623 302 691 τόν
336 624 454 711 ἀρόμον
476 625 533 690 καί
562 628 835 710 περιεσκεμμένως
869 631 980 689 ποιεῖν.
1032 614 1074 695 or
1103 616 1169 683 d’‘
1155 645 1171 684 o
1198 608 1352 700 doum&

246 724 433 804 ἀπαναστάς
462 729 585 795 ἐκεῖθεν
614 727 816 815 πανστρατιᾷ
839 724 970 791 κατόπιν
994 718 1141 806 ἐβάδιζε,
1162 709 1352 802 ἀιεπεραιιύ-

249 832 380 914 θησαν
381 825 438 893 τόν
461 825 636 916 Εὐφράτην
663 826 805 907 ποταμόν
838 827 867 893 οἱ
897 817 1111 907 πολέμοιό
1143 824 1192 903 δέ,
1222 842 1264 895 ας
1285 811 1381 880 ἀνιό5

248 926 462 1014 διαστήματος
480 934 555 1013 μιάς
567 925 687 1016 ἡμέρας
710 920 798 1012 ηκσά
819 932 959 1003 πλειανος
980 928 1036 1009 τῆς
1048 927 1231 1047 Μελιτηνῆς
1252 940 1354 1005 στρα-

246 1028 526 1115 τοπεόευσάμενος,
544 1031 664 1115 βουλήν
686 1029 873 1112 βουλεύεται
895 1031 967 1093 λιάν
987 1026 1098 1112 ἀγεννῆ
1122 1050 1176 1090 και
1170 1024 1354 1107 ἀπόκρημ-

246 1153 319 1195 νον·
349 1156 402 1197 και
397 1131 613 1218 συνέστησεν
633 1123 695 1217 ἤδη
714 1128 842 1248 ταύτην,
862 1130 985 1196 πάντων
1004 1124 1303 1221 συνεπινευσόντυιν
1315 1118 1353 1187 τό

248 1235 391 1299 τοιοῦτον
413 1233 640 1319 προβούλευμα
665 1229 770 1295 aad
737 1256 773 1297 το
797 1231 886 1297 λύειν
908 1226 966 1315 την
986 1228 1138 1314 στρατιὰν
1153 1252 1206 1293 και
1228 1222 1286 1309 την
1303 1226 1353 1287 ἀπ’

230 1329 335 1419 *citou
359 1332 611 1417 ἀπαυαχιύρησιν
635 1329 893 1414 ἐπαγγέλλεσθαι.
945 1331 998 1395 καί
1026 1321 1235 1413 ἧσκῆιμις,“
1218 1350 1268 1391 οτι
1289 1346 1353 1409 περ
1364 1339 1402 1395 10
1478 1343 1482 1407 t

248 1432 448 1518 οἱπολόμιοι
470 1438 693 1518 προτρέχοντες
717 1435 761 1508 εἰς
778 1434 816 1499 τύ
839 1431 958 1520 πρόσῳ,
979 1432 1034 1497 καί
1054 1430 1167 1515 μηκέτι
1186 1432 1354 1495 συνελθεῖν

145 1596 149 1600 ,
248 1540 292 1613 εἰς
312 1545 424 1623 χεῖρας
447 1530 511 1611 τοῖς
527 1535 700 1616 Ῥωμαίοις
720 1531 893 1617 ἰσχύοντες,
911 1531 1129 1617 ἀκατάληπτοι
1143 1532 1266 1605 πόντιος
1280 1527 1355 1609 εἶσί,

248 1641 303 1712 καί
327 1640 371 1712 εἰς
392 1638 482 1703 κενόν
503 1635 522 1701 ό
544 1635 663 1721 δρόμος
684 1644 748 1712 τοῖς
771 1635 941 1700 θιοόκουσιν
961 1634 1037 1717 ἡμῖν
1058 1633 1274 1716 παραγίνεται.
1298 1632 1356 1694 καί

249 1736 305 1806 tut
322 1741 415 1809 τούτο
436 1740 507 1805 teor
526 1736 610 1812 ἐστὶν
623 1733 804 1821 ἀπόμοιραν
819 1738 1069 1822 περιλειφθῆναι
1085 1730 1252 1814 Ῥωμαίων
1273 1728 1356 1815 πρός

250 1836 501 1921 ἀντιπαράταξιν
523 1836 716 1922 ἀξιόχρεων,
748 1835 804 1901 τόν
838 1839 873 1901 δὲ
903 1838 1036 1917 βασιλέα
1067 1832 1145 1913 μετὰ
1166 1835 1221 1916 τῆς
1242 1832 1404 1915 λοιπηςςη

249 1939 452 2021 ἀποστρέψαι
475 1941 639 2021 δυνάμεως
666 1938 720 2005 καί
751 1937 828 2023 πρὸς
853 1938 909 2014 τός
931 1936 1032 2012 οἰκίας
1053 1939 1186 2001 ἕκαστον
1205 1934 1354 2014 ,ἀποπέμ-

165 2061 172 2072 “
248 2055 321 2122 ψαι,
346 2041 490 2105 κάκεῖνον
522 2042 677 2105 εἰσελθεῖν
699 2042 744 2115 εἰς
764 2038 820 2123 την
838 2035 1092 2121 βασιλεύουσαν,
1118 2032 1160 2113 ἀς
1183 2026 1221 2099 ἀν
1242 2037 1355 2109 όιαναη

249 2142 386 2215 παυθείς
407 2135 424 2203 ό
447 2136 581 2227 στρατός
611 2138 820 2224 ἰσχυρότερος
841 2132 863 2227 ᾗ
884 2134 963 2223 πρός
991 2136 1024 2204 τό
1045 2135 1136 2201 ἀπιόν
1157 2134 1235 2217 ἔτος,
1258 2139 1358 2223 πολέ-

144 2268 153 2279 ·
248 2264 312 2322 μου
353 2238 452 2332 τυχόν
484 2244 651 2324 γενομένου
683 2238 909 2327 ῥαγόαιοτόρου
940 2238 981 2301 δι’
1009 2239 1179 2323 εἰιιόημόας
1213 2240 1269 2301 τού
1289 2238 1357 2301 τῶν

248 2344 440 2433 ἀλλοφύλων
456 2340 650 2428 ἐξάρχοντος.
1366 2360 1406 2416 20

345 2447 428 2512 Ἐπεὶ
457 2449 492 2510 δὲ
513 2446 602 2512 roure*
621 2446 656 2512 τό
684 2449 840 2533 ψήφισμα
868 2443 1027 2529 ἐκυρώθη,
1052 2442 1225 2528 ἀνάμνησις
1245 2445 1357 2527 γε’γονε

182 2542 187 2551 ”
248 2551 293 2638 τῷ
304 2553 436 2632 βασιλεῖ
454 2551 517 2614 τάν
532 2551 590 2614 τού
610 2547 829 2634 στρατοπέδου
852 2551 976 2634 κριτιόν.
1018 2543 1074 2610 καὶ
1092 2545 1358 2632 parcan-tanciae·-

249 2672 301 2727 νος
321 2648 406 2732 ημᾶς
424 2647 541 2731 μόνους
564 2653 597 2727 ἐν
617 2651 660 2738 τῷ
682 2652 816 2736 δειλινηῖ,
837 2647 890 2734 τήν
909 2673 941 2714 τε
960 2646 1080 2732 βουλὴν
1099 2642 1143 2722 σός
1164 2641 1249 2730 εἶχεν
1279 2647 1356 2709 ἀντ.

250 2747 443 2829 κοινιύσατο,
474 2752 530 2816 κατ’
544 2752 671 2838 γνώμην
692 2752 943 2839 ἦμετόρανπερί
968 2740 1088 2836 ταύτης
1110 2749 1253 2833 ἐζήτησε.
1297 2751 1360 2814 καί

325 2928 366 2982 10.
378 2919 459 3000 ότιερ
479 2927 508 2983 G.

181 3101 183 3105 ·
253 3105 289 3144 ue
306 3092 405 3158 praeda
423 3091 529 3159 quidem
548 3092 723 3157 abstinerent,
751 3094 797 3145 sed
817 3100 844 3144 et
863 3092 931 3144 banc
956 3101 1067 3161 agerent
1086 3101 1112 3144 et
1130 3092 1188 3144 sine
1209 3092 1358 3144 vexatione

252 3178 360 3215 cursum
380 3171 407 3214 et
426 3172 503 3214 caute
522 3165 691 3230 perficerent.
730 3181 788 3216 cunr
808 3173 894 3216 autem
909 3180 957 3215 rex
975 3179 1117 3232 assurgens
1137 3165 1198 3215 inde
1218 3181 1276 3215 cum
1295 3159 1358 3216 toto

254 3236 374 3288 exercitu
394 3251 410 3286 a
428 3243 507 3304 tergo
526 3237 672 3301 incederet,
692 3239 856 3288 traiecerunt
874 3235 1034 3302 Euphratem
1056 3236 1165 3287 fluvium
1184 3235 1284 3288 hostes.
1304 3235 1360 3287 ille

256 3315 353 3371 autem,
374 3306 432 3357 iere
450 3307 595 3360 intervallo
616 3310 696 3360 unius
715 3309 771 3360 diei
788 3309 846 3360 sive
867 3309 944 3358 etiam
964 3307 1076 3374 amplius
1096 3306 1250 3360 aMelitene
1270 3314 1362 3360 castra

252 3382 366 3464 ponens,
397 3379 538 3432 consilium
558 3381 699 3431 meditatur
718 3379 798 3432 valde
816 3378 937 3448 ignobile
968 3387 994 3430 et
1013 3394 1142 3445 praeceps
1163 3387 1189 3430 et
1208 3379 1364 3445 composuit

253 3451 383 3513 iambos,
403 3448 524 3503 omnibus
548 3451 724 3517 probantibus
750 3450 827 3503 simul
854 3449 908 3501 tale
927 3453 1109 3518 propositum,
1130 3451 1192 3517 quia
1209 3450 1364 3502 dimittebat

255 3523 403 3574 exercitum
429 3531 457 3573 et
477 3523 581 3573 domurn
607 3523 704 3573 reditio
729 3522 916 3575 nuntiabatur.
938 3529 964 3574 ct
993 3537 1072 3574 causa
1090 3530 1156 3585 erat,
1176 3523 1246 3589 quod
1264 3522 1362 3574 hostes

255 3585 431 3660 procedentes
457 3593 566 3661 longius
589 3609 679 3661 neque
698 3595 750 3646 iam
775 3594 901 3680 congredi
928 3595 960 3646 ad
987 3610 1078 3647 manus
1099 3592 1206 3646 Graecis
1225 3593 1363 3659 valentes,

255 3680 309 3716 uon
330 3665 389 3730 capi
408 3672 519 3731 possent
540 3665 657 3727 omnino,
678 3667 729 3715 et
722 3666 808 3718 ruanis
829 3673 900 3718 esset
911 3681 1003 3718 cursus
1022 3665 1099 3718 nobis
1119 3665 1363 3734 persequentibus·

256 3734 427 3818 quamobrem
446 3751 513 3801 opus
533 3749 602 3798 esse,
622 3743 652 3786 ut
670 3750 730 3802 pars
750 3737 1021 3803 comprehenderetur
1040 3737 1202 3790 Graecorum
1221 3736 1253 3788 ad
1270 3749 1363 3803 appo.

256 3806 382 3860 aitioueru
400 3807 532 3869 idoneam,
551 3822 601 3858 rex
612 3815 699 3858 autem
714 3824 773 3859 cum
782 3808 887 3876 reliqua
897 3809 1038 3860 recederet
1050 3810 1078 3860 vi
1095 3816 1123 3860 et
1140 3808 1243 3860 domum
1263 3823 1364 3876 quem.

258 3892 310 3945 que
330 3878 484 3943 dimitteret,
505 3886 532 3929 et
549 3878 599 3930 ilie
627 3880 738 3931 intraret
759 3879 860 3944 urbem,
882 3888 911 3931 ut
935 3881 1061 3932 remissus
1091 3882 1225 3932 exercitus
1243 3880 1364 3933 validior

178 3953 180 3960 '
249 3958 329 4006 ,esset
346 3951 466 4017 proximo
487 3966 566 4015 auno,
587 3950 661 4002 bello
688 3960 747 4004 orto
769 3953 873 4003 acriore
893 3953 1008 4004 adventu
1036 3953 1166 4020 principis
1185 3943 1363 4020 pagaudrum.

375 4037 439 4093 Cum
465 4048 553 4092 autem
577 4039 644 4090 baec
673 4041 806 4092 sententia
832 4041 986 4092 confirmata
1011 4049 1098 4105 esset,
1118 4043 1246 4110 memoria
1265 4040 1364 4092 oborta

257 4114 299 4162 est
326 4110 385 4178 regi
415 4111 530 4162 iudicum
556 4111 690 4164 exercitus
719 4119 748 4163 et
766 4127 906 4164 arcessens
930 4127 980 4164 nos
1005 4111 1078 4165 solos
1094 4114 1177 4166 vcirca
1205 4127 1364 4179 vesperum,

253 4179 399 4236 consilium
426 4182 506 4252 quale
529 4192 586 4236 erat
606 4183 749 4239 uobiscum
768 4185 990 4258 communicavit,
1017 4193 1044 4238 et
1064 4187 1223 4240 seutentiam
1241 4191 1365 4248 nostram
