2967 4825
92 351 97 358 ,
179 230 192 243 ’
271 273 385 385 ιτα,
556 266 786 345 arumnis
807 272 1067 360 immicum

267 444 323 528 τῆς
343 440 575 525 βασιλευούσης
595 430 839 520 ,ἐκπέμπουσιν
894 434 929 514 ὃς
961 439 1026 501 καί,
1041 428 1157 513 ἄλλοις
1178 440 1242 505 τῶν
1262 442 1371 522 Ἰέπαρι·

266 545 348 629 χαὸν
386 540 629 623 συλλεξάμενος,
653 537 709 614 οὓς
740 542 776 605 δέ
801 539 861 605 καί,
883 536 935 603 διὰ
965 536 1161 623 γραμμάτων
1191 544 1371 621 βασιλικῶν

266 641 372 731 &serp
402 643 660 727 συστησάμενος,
679 639 786 726 ἁδράν
806 666 876 705 τινα
907 639 1041 721 δύναμιν
1065 637 1150 716 ἔδοξε
1172 645 1369 727 σαναγηοχέ·

221 733 226 737 ’
267 770 339 828 ναι,
367 744 423 809 κατ’
442 746 575 827 πλησίον
596 745 658 807 τοῦτ
672 746 894 828 κρησραγέτσν
919 744 974 824 τῆς
995 741 1127 818 Δοκειάς
1151 738 1206 806 τ’ὁν
1237 738 1369 825 χάρακα

266 844 368 913 έθιτο.
390 843 632 965 πρασιρρύησαι
652 846 688 909 δὲ
706 846 749 931 τῷ
766 846 898 931 Διογένη
923 846 984 907 τῶν
999 840 1154 962 Φρᾰγγισν
1178 838 1207 907 οἱ
1230 846 1400 927 πλείσαςῤ

267 947 327 1013 ads
346 970 463 1014 τουτου
481 943 568 1027 ἔχειν
587 942 621 1009 τὸ
642 944 777 1027 ἰσχυρὸν
799 941 987 1027 προσεδόκα.
1032 940 1133 1008 ἔκτοτε
1155 936 1213 1009 σαν
1233 945 1370 1029 παροδι·

266 1074 321 1114 και
341 1048 444 1132 μάχαι
464 1055 530 1121 τοῖς
556 1049 668 1132 μέρεσι
689 1044 933 1129 διερρηγνυντο·
981 1047 1118 1126 ου”δεμια
1142 1046 1171 1111 d'
1198 1042 1370 1127 αέτστιλης

199 1216 208 1236 N
266 1175 324 1235 την
345 1146 515 1234 ἔκβασιν”
493 1173 624 1235 εκρινε,
646 1151 892 1228 συναπτομένων
916 1147 1063 1231 ἀλληλοις
1085 1148 1150 1213 κατ’
1174 1136 1292 1231 ἄνδρας
1313 1148 1372 1210 κατ’

265 1242 364 1328 ανθις
397 1249 682 1333 ἀπαλλαττομένων
712 1251 774 1313 τῶν
797 1250 969 1315 ἀντιθέτων
1001 1250 1211 1331 στρατιωτῶν
1266 1246 1308 1323 eds
1330 1248 1369 1311 δὲ

214 1375 218 1381 ’
267 1350 404 1427 πολλοὺς
424 1356 487 1417 ταῖν
499 1354 722 1417 Καππαδοκῶν
742 1346 926 1431 ὅβασιλιύς
947 1346 1172 1434 κηρύγμασέτι
1188 1354 1242 1414 καί
1259 1344 1422 1433 γράμ-ίθ

267 1478 348 1537 μασι
369 1457 604 1537 μετεπέμψατο,
629 1441 673 1517 ὧν
695 1448 776 1535 ἦρχε
801 1447 968 1535 Θεόδωρος
990 1450 1143 1535 πρόεδρος
1166 1450 1182 1515 ὁ
1202 1447 1370 1533 Ἀλνατης,

268 1552 350 1641 ἀνὴρ
374 1558 485 1638 γένανς
514 1556 691 1641 ἐπιφανοῦς
724 1552 762 1617 τὰ
787 1549 939 1635 πολεμικὰ
969 1552 1024 1616 κατ’
1048 1554 1210 1637 θεαθῆναι
1233 1556 1380 1633 θανμα-,

269 1653 431 1736 σιτέτατος,
450 1659 579 1738 μεγέθει
608 1657 663 1718 καὶ
682 1645 763 1742 ὄγκῳ
785 1655 849 1718 ταῖν
879 1654 1002 1718 πολλῶν
1033 1655 1207 1738 διαφέρων,
1223 1650 1277 1717 κατ’
1296 1650 1370 1716 ἱκα-

268 1760 329 1832 ταῖς
350 1754 385 1820 έν
405 1762 530 1833 πολλοῖς
551 1755 834 1840 στρατευσάμενος,
861 1752 966 1832 ἔδοξεν
991 1754 1007 1817 ὃ
1030 1759 1180 1841 Διογένης
1203 1752 1280 1820 uoto
1304 1756 1369 1821 τῶν

266 1859 416 1924 έκαντέων
436 1858 593 1939 προέχειν,
615 1856 670 1920 καί
689 1852 771 1938 ταχύ
793 1858 850 1921 τοῦ
870 1856 924 1937 τῆς
942 1858 1076 1930 Aestiua
1104 1848 1185 1937 ἄρας
1207 1858 1368 1939 φρονριόν
1380 1873 1421 1927 15

147 1979 150 1984 “
237 1993 239 1997 ⁴
267 1957 348 2042 πρὸς
376 1954 433 2041 τὴν
463 1959 525 2021 τῶν
548 1958 774 2023 Καππαδοκῶν
803 1948 957 2042 ἤλαυνεν,
989 1958 1022 2033 ἐξ
1044 1946 1080 2040 ἧς
1101 1980 1160 2037 πορ
1190 1952 1286 2029 αὐτὸς
1308 1953 1369 2037 την

266 2062 390 2143 γένεσιν
415 2056 555 2143 ἔσχηκεν.
613 2054 683 2123 ἄλλ’
713 2056 742 2124 αἱ
764 2062 819 2141 τῆς
839 2049 954 2142 μοέρας
987 2062 1044 2122 τοῦ
1066 2058 1124 2141 τήν
1142 2057 1308 2139 βασιλείαν
1334 2056 1371 2117 έν

269 2157 603 2235 Κανσταντινσνπόλει
623 2162 825 2243 κατέχοντος,
850 2157 935 2243 παρὰ
960 2158 1053 2237 δόξαν
1071 2154 1253 2243 προσθήκην
1272 2154 1370 2233 δέξετ’-

247 2257 357 2344 μενοι
379 2257 539 2343 κατατην
558 2260 653 2325 νύκτα
675 2263 805 2345 ἐκείνην,
828 2259 866 2323 οὗ
889 2259 968 2325 πολὺ
992 2258 1025 2325 τό
1049 2258 1175 2348 ἔλαττον
1189 2261 1370 2342 ἀπενέγκα-

264 2365 347 2428 σθαι
368 2360 589 2445 διεγνώκισαν.
632 2365 783 2444 κατέλαβε
804 2361 863 2446 γὰρ
885 2359 1004 2437 αὐτοῦς
1022 2365 1097 2443 μεθ’
1117 2354 1232 2445 ἑτέραν
1256 2360 1289 2424 έκ
1310 2360 1422 2442 crispo

266 2466 431 2548 βασιλίδας
459 2462 650 2538 αἷποσταλεές
677 2461 848 2547 σύμμαχος
878 2459 895 2526 ὁ
920 2464 1063 2546 Φράγγας
1086 2465 1203 2537 ἐκεῖνος
1226 2465 1369 2544 Κρισπῖ-
1415 2510 1422 2521 .

265 2589 319 2642 νος
342 2559 378 2628 ὃν
407 2559 601 2649 ὃΛιογένης
629 2568 688 2646 μὲν
716 2567 764 2629 ἐπ’
793 2567 908 2641 αἰτίαις
939 2557 1132 2640 σῖποστασιάς
1166 2562 1310 2628 καθελών
1332 2563 1370 2626 έιι

269 2670 326 2751 τῆς
345 2669 496 2751 στρατιαῖς
517 2663 685 2751 ὑπερόριον
714 2666 758 2742 εἰς
772 2659 913 2749 Ἄβυδον
937 2669 1125 2751 ἐποιήσατο,
1147 2665 1164 2729 ὁ
1184 2667 1213 2730 d'
1236 2667 1370 2748 α’ντιβα-

342 2802 384 2856 10.
404 2805 462 2861 ταῖν
481 2809 662 2876 στρατιωτῶν
679 2804 888 2861 Καππαδοκῶν
909 2805 939 2859 0.

266 2926 351 2979 nitate
367 2927 516 2993 praesidem
531 2941 668 2992 summum,
688 2934 861 2994 suppetentes
876 2927 975 2980 milites
989 2943 1013 2978 er
1007 2927 1138 2992 ',tradunt
1150 2935 1177 2979 et
1187 2927 1313 2980 celeriter
1333 2942 1369 2978 ex

266 2998 334 3050 urbe
348 2999 484 3050 emittunt.
503 2998 664 3083 quiquidem
675 3007 814 3084 postquam
830 3009 856 3051 ct
866 2999 934 3052 alios
945 3001 1143 3067 provinciarum
1157 2999 1279 3066 collegit,
1298 2997 1368 3051 alios

267 3071 347 3123 etiam
365 3069 463 3122 litteris
480 3072 563 3138 regiis
584 3071 635 3122 sibi
649 3073 809 3139 composuit,
825 3071 931 3138 plenam
942 3072 992 3124 sibi
1005 3088 1110 3122 manum
1129 3073 1202 3123 visus
1213 3078 1254 3123 est
1264 3070 1368 3122 condu-
1450 3132 1456 3136 ¹

182 3159 190 3173 ⁸
266 3145 338 3196 aisse
351 3150 377 3194 et
390 3157 475 3209 prope
486 3141 602 3194 latebras
621 3143 743 3194 Doleiac
764 3151 849 3196 castra
863 3145 959 3210 posuit.
974 3143 1135 3196 alluxerunt
1144 3150 1231 3194 autem
1245 3141 1369 3210 Augusto

265 3215 427 3268 Francorum
450 3212 557 3280 plurimi
576 3223 656 3284 atque
676 3232 709 3266 cx
729 3215 770 3267 his
790 3231 819 3267 se
839 3214 988 3267 habiturum
1006 3215 1166 3282 praesidium
1186 3213 1388 3281 exspectabat.

265 3287 327 3338 inde
346 3288 428 3355 igitur
448 3302 553 3355 pugnae
567 3288 734 3339 intermissae
753 3289 822 3338 inter
836 3296 926 3354 partes
937 3286 1175 3354 disrumpebantur,
1192 3284 1267 3338 nulla
1279 3293 1369 3336 autem

263 3374 313 3428 per
329 3375 359 3411 se
371 3359 444 3410 linita
455 3367 580 3410 eventurn
590 3359 760 3423 decernebat,
776 3374 833 3409 cum
852 3360 951 3411 viritim
968 3361 1038 3410 inter
1050 3375 1079 3410 sc
1093 3358 1320 3426 congrederentur
1341 3365 1370 3408 et

262 3446 355 3484 rursus
374 3430 544 3482 discederent
562 3433 679 3498 oppositi
699 3430 808 3482 milites.
829 3447 886 3482 cum
907 3439 993 3482 autem
1011 3430 1108 3482 multos
1127 3429 1239 3481 militum
1259 3429 1368 3496 Cappa·
1427 3426 1435 3434 '

161 3556 165 3558 ,
264 3504 359 3555 docum
384 3518 432 3554 rex
460 3503 560 3553 nuntiis
587 3511 614 3553 et
631 3500 728 3555 litteris
749 3512 913 3567 arcesseret,
934 3502 1028 3570 quibus
1047 3503 1194 3569 imperabat
1212 3501 1368 3552 Theodorus

264 3588 375 3642 praeses
388 3573 510 3639 Alyates,
532 3575 575 3625 vir
594 3575 663 3640 quod
682 3590 726 3626 res
745 3573 857 3626 bellicas
873 3575 967 3625 attinet
981 3589 1014 3625 ex
1032 3590 1133 3642 genere
1152 3572 1251 3625 illustri
1271 3580 1298 3623 et
1317 3572 1368 3622 ad.

265 3653 359 3713 spectu
372 3645 451 3696 valde
465 3643 637 3708 admirabilis,
647 3646 830 3713 magnitudine
845 3655 871 3697 et
883 3648 1041 3698 auctoritate
1057 3645 1218 3698 multitudini
1228 3648 1368 3711 praestans

197 3776 199 3779 ,
266 3727 295 3768 et
319 3716 383 3766 satis
411 3718 438 3765 in
464 3715 553 3766 multis
579 3716 793 3782 expeditionibus
820 3726 963 3784 spectatus,
991 3718 1127 3786 Augustus
1154 3717 1204 3768 sibi
1230 3717 1304 3769 visus
1325 3723 1370 3766 est

265 3787 376 3837 multum
394 3785 515 3838 hostibus
544 3796 697 3853 praestaret
718 3797 802 3873 atquc
829 3789 956 3842 celeriter
976 3806 1009 3842 ex
1034 3788 1147 3842 castello
1169 3788 1277 3841 lloceae
1299 3802 1368 3854 pro.

266 3858 352 3910 iectus
379 3858 411 3908 ad
431 3858 617 3924 Cappadocum
647 3860 813 3926 provinciam
844 3863 895 3912 iter
914 3861 998 3926 lecit,
1026 3878 1058 3912 ex
1085 3877 1138 3929 qua
1155 3861 1214 3928 ipse
1233 3859 1368 3927 originem

265 3930 349 3980 duxit.
391 3930 439 3980 sed
467 3932 512 3998 qui
544 3946 559 3981 a
583 3940 659 3997 parte
687 3948 799 4000 regnum
828 3932 1059 3998 Constantinopoli
1087 3932 1235 3995 ¹obtinentis
1262 3930 1370 3983 stabant

263 4009 372 4068 praeter
396 4017 469 4068 spem
492 4005 675 4055 accessionem
704 4006 868 4072 accipientes
896 4003 943 4055 illa
968 4013 1048 4055 nocte
1073 4019 1127 4055 non
1154 4005 1191 4058 ita
1218 4010 1370 4055 statuerant

264 4072 407 4125 inferiores
433 4073 581 4126 discedere.
627 4078 756 4127 convenit
776 4077 846 4126 enim
873 4089 919 4127 eos
947 4092 1004 4126 cum
1033 4074 1093 4126 aliis
1123 4081 1157 4126 ex
1175 4077 1252 4144 regia
1270 4075 1369 4125 missus

263 4145 354 4196 socius
374 4144 490 4199 Francus
508 4146 557 4199 ille
575 4147 723 4215 Crispinus,
746 4163 824 4216 qucrn
850 4147 986 4214 Augustus
1011 4149 1118 4199 nomine
1136 4147 1296 4200 delectionis
1316 4161 1370 4198 ex.

264 4217 350 4272 ercttu
373 4231 473 4274 exuens
503 4219 623 4274 exsulem
647 4220 770 4288 Abydum
794 4220 918 4285 miserat3
947 4235 1025 4288 quem
1048 4227 1137 4274 tamen
1162 4221 1207 4288 qui
1227 4225 1323 4286 postea
1342 4220 1370 4270 ci
