2967 4825
165 279 170 285 ’
255 282 322 381 ’ρο
385 357 395 365 a
506 285 770 375 mensuras
801 292 1064 369 amunromn
1128 284 1132 290 ’
1177 252 1180 259 ’

268 472 395 548 eddom
416 474 482 545 τοῖς
503 474 702 551 σπαραγμοῖς
717 462 913 546 adscriptis
930 462 975 536 οἷς
997 454 1102 545 φανὴν
1121 446 1286 538 oppam
1312 470 1368 513 και

266 575 393 656 γνόντας
412 569 468 655 τὴν
499 568 621 636 τοότων
655 570 842 649 σραιιόρισιν
864 587 894 627 σι
885 564 1061 641 πολέμιοι
1092 555 1189 639 ipius
1209 560 1280 631 ταῖς
1302 546 1370 615 κό

265 680 338 750 λαις
355 672 418 739 σόν
440 666 616 756 ἀλαλαγμοῦ
639 672 746 757 ιιολλρῑ
767 692 821 733 και
817 668 903 753 βοῇ
928 658 1224 746 innotueramus·
1245 652 1369 727 κρόκος

266 775 321 841 καὶ
349 776 432 859 μέρη
464 778 523 838 τοῦ
553 777 680 854 τιν’χονς
699 771 886 842 duodecimis
919 760 1193 847 καταστρέφοντας
1221 752 1370 841 αἱροῦσιν

266 872 328 941 όνα
355 876 470 960 κρατος
482 894 540 958 την
561 874 673 955 πόλιν,
694 873 749 935 κατ’
767 873 885 953 γίνεται
909 866 1006 953 φόνος
1024 866 1095 931 ’τῶν
1124 858 1214 927 ἔνδον
1236 854 1394 939 (ἴριδός-5

265 999 328 1053 νος.
372 970 444 1043 otico
463 972 525 1059 peip
545 973 671 1057 ἦλικιάς
700 965 774 1039 οὔτε
797 967 924 1059 φόατως
951 960 1022 1032 οὔθ’
1043 962 1194 1049 αἱρέσεως
1215 958 1301 1034 ἔλσας
1319 947 1371 1045 ἦν,

226 1128 230 1135 -
267 1077 349 1145 dud
378 1079 494 1152 κιόντες
527 1075 644 1161 ἡβηδόν
674 1074 866 1163 α’νηραόντο,
898 1073 953 1135 καί
984 1064 1128 1147 ποταμός
1157 1066 1289 1145 αἳματος
1309 1056 1370 1147 τήν

266 1177 397 1265 οἰκτρόν
417 1176 535 1263 ταότην
567 1178 622 1241 καί
651 1174 803 1295 δόσιηνον
830 1174 1005 1238 accedimus
1036 1167 1137 1233 πόλιν.
1188 1159 1372 1249 περιεσώθη

268 1285 305 1349 δὲ
324 1282 384 1347 τοῦ
408 1283 577 1364 κρατίστου
602 1276 721 1361 ταύτης
736 1268 1018 1358 πολλοστημόριον,
1041 1259 1103 1335 σόν
1123 1275 1188 1343 τοῖς
1209 1265 1371 1343 κακίστοις

267 1377 419 1471 ’ἡγεμόσιν
440 1384 487 1457 εἰς
507 1377 566 1464 τήν
589 1375 764 1463 όκρόιιολιν
787 1375 885 1442 α’νιόν.
930 1377 992 1439 τῶν
1014 1374 1043 1437 δ’
1064 1374 1098 1436 ἐν
1111 1404 1114 1409 Δ
1120 1392 1215 1453 χερσι
1235 1368 1370 1451 γινομε-
1381 1370 1416 1423 10

266 1509 332 1552 νων
353 1477 422 1551 ὅσοι
445 1481 526 1549 κατό
546 1506 622 1547 τινα.
637 1482 857 1566 χρηστοτέραν
882 1474 1075 1560 σογκόρησιν
1103 1472 1159 1535 τὸν
1183 1471 1220 1535 iu
1238 1471 1295 1536 τοῦ
1315 1489 1372 1533 σι-

267 1584 367 1675 δήρου
399 1588 551 1672 διέφυγον
582 1574 737 1666 ὄλεθρον,
770 1580 976 1665 αἰχμαλωσία
1007 1576 1104 1662 ιιικρᾴ
1133 1569 1373 1656 παρεδόθησαν

268 1682 348 1755 atti
371 1687 431 1753 καί
452 1710 480 1750 οι
502 1689 556 1769 τῆς
586 1680 787 1767 ἀκροπόλεως
821 1684 895 1766 μητ’
929 1676 1130 1758 ἐπισιτισμόν
1158 1672 1294 1759 ἔχοντες,
1315 1674 1373 1737 καό

266 1793 306 1878 τῇ
327 1785 443 1855 cudant
475 1790 539 1854 τῶν
568 1782 748 1905 ἀναγκαίων
772 1781 993 1867 αρνχόμινω,
1028 1778 1210 1862 ὁμολογίαις
1238 1768 1373 1899 όστορφν

266 1887 476 1965 ότιοσαόνδοις
496 1890 552 1953 καί
563 1886 661 1971 μόνης
675 1888 732 1969 τῆς
755 1885 872 2003 ζωῆς’
857 1879 1007 1965 εχοόσαις
1027 1880 1090 1964 τὴν
1106 1876 1223 1999 ἔφεσιν
1226 1881 1290 1943 καί,
1307 1878 1372 1941 αό-
1352 1875 1418 1927 -15

137 1989 178 2034 Τ
267 1994 316 2056 cot*
336 1991 585 2074 παραδεδώκασι
606 1987 642 2051 τὸ
657 1985 886 2071 κρησφύγετον,
909 2006 962 2047 και
958 1975 1145 2065 γέγονεν’
1125 2003 1187 2042 ono
1178 1977 1373 2059 πολεμίως

170 2103 172 2110 ’
266 2087 400 2174 κσιαότη
422 2090 513 2166 πόλις
530 2087 610 2171 μετὰ
631 2090 694 2152 τῶν
712 2086 887 2168 πολιχνίων
907 2108 959 2148 και
983 2084 1047 2147 τῶν
1070 2080 1239 2166 ότιαόδρων
1261 2076 1373 2145 αότοόν

267 2194 310 2258 δι’
332 2193 507 2276 όιιληστιάν
533 2214 587 2254 και
614 2184 790 2273 χρημάτων
822 2180 954 2271 όίκαιρον
983 2184 1149 2271 φυλακήν,
1178 2180 1223 2266 μὴ
1248 2179 1374 2256 ειδότος

266 2296 324 2359 τοῦ
343 2283 606 2378 βαστλτόοντος“
590 2313 639 2354 οτι
661 2285 813 2365 πολλάκις
835 2290 898 2369 μὲν
915 2280 1017 2371 ὤνησε
1037 2310 1089 2351 και
1086 2273 1322 2371 διαφόρως
1301 2306 1372 2369 αφ-

265 2398 358 2487 tium
387 2398 533 2479 χσίνρ,
500 2395 533 2460 ἐν
563 2395 599 2458 δὲ
628 2399 693 2468 τοῖς
728 2388 911 2474 α’ναγκαίαις
935 2386 988 2455 διό
1019 2387 1146 2470 παντός,
1171 2382 1311 2470 ὀλιγάκις
1333 2384 1421 2482 dim

266 2493 326 2563 κόν
343 2496 389 2583 μὴ
418 2505 483 2570 τοϊς
503 2495 686 2578 α’ναγκαιόις
707 2495 913 2574 κατέβλαψε,
952 2493 1008 2554 καί
1039 2514 1082 2566 ως
1115 2487 1195 2554 αότό
1217 2485 1251 2554 τό
1269 2473 1372 2569 ὄνομα

268 2599 331 2664 τόν
350 2595 524 2684 χρημάτων
539 2596 657 2680 χρῆσιν
685 2586 755 2676 ἅμα
779 2593 1041 2678 ααρσιιιμφαινει
1062 2592 1117 2656 κατ’
1137 2587 1371 2677 χρησιμότητοι.

370 2700 441 2764 Καὶ
467 2694 507 2764 τό
528 2697 589 2780 μὲν
612 2693 700 2763 κατόἹ
719 2692 778 2780 τήν
800 2695 909 2776 Ἀσίαν
944 2697 1055 2760 τοῦτον
1084 2685 1153 2790 οἶχο
1175 2689 1230 2758 τόν
1248 2689 1372 2776 τρόπον

340 2887 367 2942 a
384 2885 486 2944 ιιιωι
504 2883 543 2939 ο.»
657 2884 702 2940 ιο.
721 2884 885 2958 transeas
903 2882 933 2938 c.

269 3062 348 3119 situm
366 3051 469 3128 hostes,
487 3069 562 3115 recta
580 3075 629 3131 per
646 3068 737 3129 portas
756 3059 839 3114 multo
865 3076 925 3113 oum
944 3057 1061 3112 clamore
1086 3067 1113 3112 ct
1130 3056 1243 3112 tumultu
1261 3058 1372 3128 irrupe-

189 3160 193 3183 t
269 3143 331 3188 runt
349 3142 376 3187 et
393 3133 462 3186 banc
483 3142 509 3187 et
526 3143 616 3202 partes
633 3135 700 3185 muri
714 3141 834 3218 promptu
855 3133 1010 3186 incursione
1026 3133 1193 3185 destruentes
1216 3134 1324 3200 capiunt
1341 3133 1373 3184 vi

269 3208 361 3260 urbem
381 3217 408 3260 et
426 3209 510 3259 oritur
529 3207 624 3259 caedes
650 3221 757 3270 eorum,
783 3207 828 3274 qui
847 3207 917 3258 intus
946 3212 1030 3269 erant,
1056 3205 1169 3272 ingens:
1190 3219 1279 3271 neque
1300 3205 1373 3255 enim

270 3281 365 3333 aetatis
382 3295 471 3348 neque
483 3288 594 3331 naturae
604 3293 693 3346 neque
703 3277 910 3330 benevolentiae
922 3277 1106 3329 misericordia
1126 3285 1191 3341 erat,
1210 3276 1257 3328 sed
1277 3292 1372 3328 omnes

166 3354 172 3362 ‘
270 3353 394 3420 vigentes
412 3351 640 3404 interficiebantur
660 3357 687 3400 et
705 3348 802 3400 flumen
821 3350 956 3416 sanguinis
969 3349 1142 3400 miserandam
1162 3347 1230 3400 hanc
1251 3355 1277 3399 et
1294 3347 1372 3399 iufe-

269 3425 350 3476 licem
383 3424 509 3490 irrigavit
531 3421 632 3474 urbem.
681 3421 786 3506 aufugit
810 3429 897 3471 autem
929 3419 1132 3473 fortissimorum
1156 3420 1235 3473 buius
1260 3421 1374 3472 minima

268 3511 331 3562 pars
344 3512 403 3546 cum
422 3495 544 3561 pessimis
563 3492 707 3546 ducibus
699 3508 727 3544 rn
753 3508 841 3543 arcem
860 3493 1024 3545 ascendens:
1052 3499 1187 3559 captorum
1207 3499 1304 3556 autem,
1323 3493 1373 3560 qui

270 3567 395 3620 feliciore
413 3581 476 3618 casu
498 3565 562 3617 ierri
580 3572 692 3616 mortem
711 3563 869 3632 effugerent,
890 3564 1039 3630 captivitati
1057 3564 1170 3616 acerbae
1189 3563 1278 3620 traditi
1296 3572 1372 3628 suut,

148 3710 150 3717 Ι
236 3677 239 3680 .
269 3638 316 3691 sed
335 3640 413 3690 etiam
432 3637 478 3704 qui
496 3639 524 3688 in
543 3651 605 3687 arce
625 3645 709 3700 erant,
727 3650 816 3704 neque
830 3644 1003 3687 commeatum
1020 3635 1148 3689 babentes
1163 3644 1190 3687 et
1206 3637 1297 3702 inopia
1315 3650 1372 3687 ue.

270 3710 446 3760 caesarianum
475 3708 591 3759 coniecti
615 3706 784 3777 pactionibus
810 3715 904 3774 postea
931 3724 979 3775 per
1004 3709 1122 3760 inducias
1142 3708 1220 3760 factis
1239 3715 1266 3759 et
1283 3704 1373 3759 solius

269 3781 343 3833 vitae
361 3779 519 3832 habentibus
545 3781 747 3833 concessionem
773 3788 799 3831 et
824 3779 875 3846 ipsi
900 3779 1063 3832 tradiderunt
1079 3779 1242 3848 *coniugium
1272 3787 1298 3832 et
1317 3778 1374 3830 fuit

269 3850 319 3904 sub
336 3851 458 3905 hostibus
476 3852 544 3904 haec
562 3852 625 3904 urbs
644 3867 703 3903 oum
722 3851 826 3919 oppidis
847 3859 873 3902 et
891 3852 989 3917 campis
1015 3852 1080 3918 ipsis
1100 3859 1209 3918 propter
1227 3849 1373 3904 insatiabi.

269 3921 370 3974 litatem
390 3932 417 3976 et
434 3925 587 3976 divitiarum
605 3925 818 3991 intempestivam
838 3922 999 3986 custodiam,
1017 3925 1157 3976 nesciente
1175 3922 1250 3991 rege,
1270 3937 1372 3990 saepe.

270 4008 380 4047 numero
399 3996 533 4062 profuisse
552 4004 579 4047 et
596 3997 756 4062 tempestive
784 3994 926 4064 benignam
951 4011 1070 4060 manum,
1090 3997 1118 4046 in
1136 3995 1299 4048 necessitate
1317 4009 1373 4045 au.

269 4073 323 4120 tem
342 4068 459 4132 omnino,
478 4083 538 4120 raro
557 4076 646 4121 autem
664 4069 744 4120 etiam
763 4067 786 4120 si
810 4081 864 4118 non
891 4080 957 4132 opus
977 4074 1048 4119 esset
1065 4067 1206 4131 nocuisse,
1227 4075 1253 4118 et
1271 4080 1374 4118 nomen

270 4137 357 4206 ipsum
375 4156 464 4192 rerum
481 4140 586 4192 utilium
606 4139 788 4210 (divitiarum)
807 4154 884 4192 usum
902 4138 981 4192 simul
1000 4139 1152 4208 significare
1171 4147 1198 4190 et
1216 4138 1372 4191 utilitatem.

367 4229 457 4300 Atque
474 4244 519 4284 res
527 4230 663 4283 Asiaticae
681 4228 735 4280 boc
752 4229 830 4282 modo
850 4242 880 4281 sc
898 4227 1031 4296 habebant
1049 4236 1076 4282 et
1094 4229 1126 4282 ad
1144 4237 1241 4284 tuntum
1260 4230 1373 4284 destru-
