2967 4825
792 48 795 55 ’
880 61 902 105 a

560 226 783 296 ΗΜΘΝ(
805 248 825 279 ··
879 296 881 303 ,
918 252 920 255 ·
1147 230 1221 303 lod

119 395 223 471 θέσεις
244 398 277 462 ἐν
293 394 429 481 κράνεσι,
451 394 574 473 πάντας
596 391 637 461 ἀν
657 397 716 462 ουίι
736 395 770 477 ἐξ
792 398 889 483 α’κοής
909 399 1033 478 άλλόἐξ
1046 384 1218 479 ου’τοπτίας

117 492 152 561 τά
177 499 312 579 καθεξής
335 496 522 581 παραδώσει
546 496 600 563 διά
618 504 747 586 γραφῆς
769 508 834 575 τοῖς
854 504 1033 582 μετέπειτα.

213 591 291 679 Εἶχε
308 600 368 679 μὲν
391 588 447 662 oda
466 603 601 681 βασιλέα
616 600 635 685 ή
651 601 712 667 τῶν
731 606 884 667 Βιθυνῶν
900 603 1050 687 ἐπαρχία,
1074 607 1129 669 καί
1147 610 1217 688 μετ’
1275 632 1277 635 ·

118 697 219 781 αάτήν
243 700 386 784 Φρυγία,
416 697 450 762 τό
474 703 560 780 θίμοι
592 706 672 784 λέγω
697 704 760 767 τῶν
782 702 987 777 ἀνατολικῶν.
1042 706 1097 770 καί
1118 705 1219 791 συνή-

93 812 202 882 5γοντο
238 801 273 863 ἐκ
308 799 532 883 διαταγμάτων
569 803 872 888 προσφοιτησάντων
904 802 933 868 οἱ
957 808 1020 869 τιόν
1047 806 1217 889 ταγμάτων

115 897 316 982 ἐξάρχοντες,
346 905 405 965 καί
427 894 497 965 όσοι
519 903 576 985 τήν
607 907 695 983 τάξιν
717 905 917 988 ἀνεπλήρουν
939 902 1071 972 ἑκάστου
1095 908 1216 993 τάγμα-

48 1071 59 1081 ,
114 1022 170 1073 τος.
215 993 272 1065 καί
292 994 330 1090 ήν
349 1004 430 1068 ἰδεῖν
450 1004 522 1081 τούς
543 1004 730 1089 διαβοήτους
764 1006 881 1088 λόχους
903 1010 935 1085 ἐξ
958 1006 1071 1092 ὀλίγων
1093 1033 1217 1093 σογκει.

112 1102 226 1181 μένους
247 1103 393 1187 ἀνδρῶν,
416 1108 471 1168 καί
488 1106 608 1171 τοάτων
635 1106 879 1193 συγκεκυφότιον
903 1111 943 1195 τῇ
966 1112 1055 1194 πενίη
1079 1109 1134 1175 καί
1152 1136 1217 1175 ποι-

113 1207 241 1277 νοπλίας
264 1207 481 1289 ἐστερημένον
503 1208 559 1270 καί
580 1210 678 1271 ἵππου
703 1213 873 1293 πολεμικῆς
887 1198 905 1247 ·‘
939 1211 973 1273 ἐκ
994 1211 1133 1285 πλείονος
1155 1210 1215 1294 γάρ

77 1308 389 1389 λθπαραμεληθέντες
409 1300 465 1370 ἅτε
483 1310 567 1391 μηδὲ
586 1314 743 1389 βασιλέως
766 1314 1045 1394 στρατευσαμένου
1064 1309 1117 1373 διά
1139 1318 1217 1376 πολ-

112 1407 172 1467 λόν
197 1401 351 1471 ἐνιαυτῶν
373 1407 447 1491 περί
466 1408 522 1493 τήν
544 1405 638 1494 ἓοόαν,
673 1415 728 1481 καί
748 1413 799 1476 τόν
823 1410 1047 1496 ἀφωρισμένον
1066 1410 1214 1494 ὀψωνια-

111 1504 187 1584 σμόν
208 1504 253 1589 μή
280 1510 502 1595 ἀπειληφότες,
526 1514 581 1576 καί
601 1510 683 1577 κατά
704 1512 817 1597 μικρόν
839 1513 905 1589 τοίς
927 1514 1078 1588 ἐναντίοις
1100 1515 1133 1577 ἐκ
1156 1515 1212 1599 τής

111 1606 395 1691 ἀπαρασκευάστου
428 1618 604 1698 προσβολῆς
637 1617 691 1677 καί
716 1615 840 1697 λυπρός
865 1616 1135 1695 καταβαλλόμενοι
1160 1617 1217 1679 καί
1292 1684 1294 1687 ,

110 1702 302 1790 τρεπόμενοι,
327 1707 429 1789 οὕτως
449 1716 494 1789 εἰς
507 1716 643 1805 ἐσχάτην
662 1719 881 1799 ταλαιπωρίαν
900 1720 1125 1793 συνελαθέντες
1147 1718 1246 1780 ter-2

75 1807 156 1873 15λοί
176 1816 232 1877 καί
254 1812 422 1895 ἀνάλκιδες
443 1815 499 1879 καί
519 1816 599 1901 πρός
614 1818 706 1881 οὐδὲν
726 1826 867 1898 γενναῖον
882 1816 1133 1901 χρησιμεάοντες
1154 1840 1214 1879 κα-
1253 1831 1256 1837 ’

108 1912 302 1999 τεφαίνοντο.
355 1916 397 1991 τός
428 1919 464 1983 δὲ
483 1923 542 1982 καί
562 1916 663 1993 αάτάς
698 1922 755 1993 τάς
779 1918 920 2001 σημαίας
939 1918 1113 1999 μονονουχὶ
1132 1942 1210 1982 σιω-

107 2016 211 2096 πηροός
234 2014 502 2102 ἀποφθέγγεσθαι
522 2021 641 2099 ταῦτα,
664 2016 801 2103 πιναράς
824 2014 987 2100 όρωμίόας
1013 2012 1118 2100 ὥσπερ
1145 2016 1209 2083 ἀπό

107 2118 226 2178 καπνοῦ
247 2120 304 2180 καί
324 2118 466 2194 άπαδοός
486 2121 701 2204 ε’φεπομίνους
733 2114 870 2201 ε’χοάσας
897 2112 1137 2204 εὐαριθμήτους
1157 2121 1212 2182 καί

106 2215 285 2299 πενιχροός.
336 2218 454 2302 πολλήν
481 2220 627 2302 ἀθυμίαν
648 2225 807 2304 προσήγον
837 2220 1112 2301 ἀναλογιζομένοις
1134 2210 1211 2283 ὅθεν

69 2318 158 2381 nnat
178 2319 250 2382 τίνα
273 2316 391 2403 τρόπον
412 2322 459 2395 είς
481 2322 517 2385 τό
540 2324 674 2406 ἀρχαῖον
696 2318 959 2387 ἐπανελεόσονται
983 2317 1036 2384 καί
1054 2316 1109 2401 τήν
1129 2340 1211 2401 προ-

105 2422 195 2502 τέραν
220 2416 313 2498 ἀξίαν
334 2420 370 2486 τό
382 2421 621 2506 στρατιωτικόν,
638 2425 692 2490 καί
714 2422 766 2488 διά
783 2421 881 2487 πόσου
903 2425 960 2486 τοῦ
983 2419 1101 2506 χρόνου
1125 2424 1208 2487 ἀνα-

105 2526 279 2604 καλέσοιτο,
302 2528 363 2588 τεόν
383 2527 444 2604 μὲν
461 2527 735 2614 ἀπολελειμμένων
758 2532 825 2600 τοῖς
847 2525 1005 2608 τάγμασιν
1019 2524 1133 2606 όλίγων
1157 2515 1207 2586 όν-

20 2664 21 2673 1
105 2646 165 2686 των
185 2627 242 2688 καί
263 2626 490 2707 ἀπορουμένων
513 2635 578 2703 τοῖς
599 2622 707 2703 όπλοις
728 2629 783 2691 καί
803 2635 866 2701 τοῖς
889 2627 924 2689 ἐκ
946 2625 1008 2690 τιόν
1030 2618 1133 2690 ἵππων
1158 2647 1208 2687 κι-

172 2811 198 2864 7.
219 2811 320 2887 λάχους
338 2808 544 2906 καὶγλοχαγοός
562 2818 591 2878 ἐξ
608 2815 637 2870 (λ
728 2814 770 2868 16.
791 2830 824 2866 an
844 2811 938 2870 ὥστελ
986 2888 987 2896 ¹

105 2988 218 3055 iudiciis,
240 2991 348 3040 omnino
367 3005 420 3042 non
442 3005 457 3039 e
477 2989 556 3040 fendo
576 2989 622 3041 sed
643 3004 676 3040 er
694 2991 727 3041 iis
748 3004 816 3058 quae
833 2991 892 3055 ipse
911 2989 987 3052 vidit,
999 2987 1126 3054 deinceps
1137 2983 1207 3038 lacta

105 3061 188 3112 tradet
206 3059 276 3113 libro
295 3063 421 3128 posteris.

202 3150 323 3202 Habebat
340 3152 423 3218 igitur
443 3166 534 3218 regem
554 3149 693 3217 provincia
712 3151 887 3218 Bithynorum
909 3157 1013 3216 etpost
1041 3164 1097 3200 earn
1117 3148 1205 3214 Phry.

105 3223 155 3294 gia,
175 3224 344 3291 provinciam
364 3223 529 3292 (legionem)
550 3223 609 3272 dieo
631 3223 758 3287 orientis,
780 3232 806 3274 et
825 3219 988 3290 cogebantur
1009 3236 1041 3271 ex
1069 3219 1204 3272 ordinibus

105 3294 308 3346 advenientibus
332 3296 452 3346 ordinum
471 3294 601 3360 praefecti
622 3295 820 3362 etquicunque
844 3293 928 3342 aciem
949 3291 1092 3359 explebant
1112 3293 1204 3342 cuius.

105 3383 154 3432 que
179 3367 299 3429 ordinis,
325 3375 352 3417 et
377 3374 499 3433 poterant
524 3366 638 3432 spectari
666 3365 789 3418 celebres
813 3364 950 3416 centuriae
971 3371 997 3414 et
1016 3364 1203 3427 centuriones,

106 3440 243 3506 expaucis
269 3441 434 3504 compositae
458 3440 523 3490 viris
550 3441 637 3507 iisque
657 3440 793 3490 curuvatis
814 3445 932 3506 egestate
952 3443 978 3487 et
996 3435 1079 3502 armis
1093 3435 1205 3500 privatis

106 3521 130 3562 et
148 3512 268 3580 equitatu
287 3510 369 3561 belli:
389 3512 526 3561 maximam
546 3512 615 3562 enim
634 3519 734 3576 partem
753 3511 888 3578 neglecti,
905 3524 963 3558 cum
981 3522 1016 3557 ne
1036 3505 1207 3574 rex'quidem

105 3583 240 3650 profectus
270 3591 341 3633 esset
370 3598 418 3648 per
444 3582 541 3633 multos
567 3599 650 3634 annos
669 3581 748 3632 'circa
778 3584 931 3645 orientem,
958 3594 1046 3646 neque
1073 3577 1207 3629 definitum

106 3665 277 3706 commeatum
296 3655 384 3721 adepti
405 3661 533 3722 ctpnene
553 3654 585 3705 ab
604 3655 725 3705 hostibus
756 3663 864 3722 propter
893 3653 1045 3718 imparatam
1071 3650 1206 3701 incursio.

38 3778 43 3781 .
104 3743 162 3778 nem
182 3735 210 3778 et
228 3728 350 3791 miseram
370 3726 467 3777 deiecti
489 3733 515 3776 et
532 3728 615 3790 versi,
635 3727 672 3776 ita
690 3727 718 3776 in
739 3734 882 3776 extremam
900 3723 1034 3775 miseriam
1053 3722 1140 3772 coacti
1160 3723 1207 3788 ig-

104 3801 164 3851 navi
184 3809 213 3850 et
230 3801 325 3851 infirmi
347 3809 375 3852 et
402 3800 433 3850 ad
452 3798 552 3850 nullam
581 3815 636 3851 rem
659 3798 779 3849 nobilem
804 3797 884 3850 utiles
912 3792 1089 3861 apparebant,
1115 3793 1152 3843 ita
1178 3799 1208 3842 ut

104 3873 160 3937 ipsa
177 3872 256 3938 signa
275 3871 401 3928 militarie
427 3886 514 3936 paene
539 3873 620 3922 tacite
640 3870 707 3921 baec
731 3875 897 3929 enarrarent,
924 3865 1028 3921 sordida
1052 3865 1215 3930 apparentia*

105 3944 177 4010 quasi
196 3944 285 4005 fumo,
313 3951 339 3994 et
371 3943 481 3993 comites
501 3942 626 3993 babentia
643 3947 786 4007 sequentes
807 3947 833 3990 et
845 3951 944 4004 paucos
965 3943 991 3984 et
1010 3950 1161 4001 pauperes,
1181 3934 1207 3984 id

105 4015 174 4082 quod
191 4014 299 4066 multam
318 4015 452 4082 ignaviam
472 4014 580 4064 efferret
598 4010 791 4079 reputantibus,
812 4009 922 4060 undeet
936 4006 1067 4075 quomodo
1086 4007 1113 4055 in
1135 4007 1206 4056 miti.

104 4103 184 4154 ¹quum
202 4086 322 4138 redirent
343 4094 370 4137 et
394 4071 510 4153 priorem
532 4087 686 4154 dignitatem
712 4084 846 4135 exercitus
867 4089 893 4131 et
911 4075 959 4147 pbr
991 4086 1114 4146 quantum
1137 4085 1206 4128 tem-

105 4171 153 4224 pus
183 4165 334 4223 revocaret,
354 4172 412 4208 cum
432 4155 521 4209 relicti
541 4156 676 4210 ordinibus
693 4155 773 4222 pauci
794 4160 883 4224 essent
901 4158 927 4202 et
940 4150 1109 4203 inexercitati
1128 4147 1206 4200 ermis
