2967 4825
532 287 741 366 nisroam.
900 310 903 317 ·
1114 296 1186 369 rsa
1284 402 1291 415 .

98 460 218 525 συνοόοι
232 454 288 550 τόν
306 462 343 526 ἒν
363 462 419 545 τῆς
440 463 623 547 δυσχωρίας
641 463 704 546 οόχ
722 453 848 547 ἥττονα.
892 460 1030 530 testudo
1050 464 1109 549 γάρ
1133 448 1188 531 διά

31 640 35 646 “
99 562 213 625 πολλῶν
241 565 400 646 τραχινιόν
429 564 484 627 ιιαί
513 558 683 646 δυσβάτων
707 564 813 652 λόφων
835 568 880 641 εἰς
907 564 981 641 τούς
1002 564 1189 650 λεγομένους

98 663 217 739 Ἀνθίας
236 660 316 743 μετά
334 665 392 748 τῆς
412 659 663 751 ὑπολειφθείσης
684 663 773 753 αὐτῷ
795 670 945 751 στρατιάς
958 670 1186 752 κατενομίσθη.

98 762 159 829 ἔστι
179 765 209 828 δ’
240 762 258 827 ό
285 763 382 839 τόπος
409 766 442 845 ἐξ
463 764 629 850 όπωρειιόν
655 761 801 851 μεγάλων
831 770 914 852 ὀροόν
934 765 1057 843 πεδινός
1078 791 1113 832 τε
1133 767 1190 833 καί

78 858 233 948 οεόυδρος,
258 863 315 930 καί
331 874 400 942 ταῖς
422 868 620 951 δυσχωρίαις
647 865 868 953 ἐνειλημμένος
894 870 1104 954 ψυχαγωγίαν
1125 868 1188 955 οὐχ

87 959 201 1050 ῆιιιστα
221 975 287 1042 τοῖς
317 971 526 1050 καταίρουσιν
546 966 580 1034 όν
602 970 699 1059 τοίτιρ
723 965 840 1054 όνίησι,
863 962 1023 1056 ποηφόρος
1045 964 1112 1053 άμα
1132 968 1189 1035 καί

97 1062 256 1152 σιτοφόρος
284 1066 453 1152 τυγχάνων
483 1071 538 1133 καί
567 1061 633 1138 οἷον
661 1063 852 1154 όμφαλόςῆ
881 1076 1022 1150 ταμιείαν
1050 1070 1107 1153 τῆς
1129 1072 1186 1153 γῆς

96 1168 206 1253 εἰιιίνης
225 1170 283 1234 καί
303 1169 410 1233 πεδίον
426 1173 562 1256 τρυφῆς.
617 1171 736 1256 ἡμέρας
759 1164 935 1237 adstans
956 1174 1187 1255 στρατοπεδον·
1274 1230 1277 1237 ,
1304 1187 1322 1237 .:·

96 1259 222 1345 σάμενος
244 1268 261 1331 ό
282 1268 442 1350 βασιλεύς,
464 1265 520 1333 καί
550 1268 605 1336 τόν
629 1273 754 1355 Ταῦρον
773 1269 808 1334 τό
834 1263 918 1356 όρος,
939 1266 993 1335 τόν
1015 1268 1103 1352 παρά
1123 1278 1186 1347 τοῖς

62 1362 250 1452 Ῑρέγχωρίοις
263 1368 466 1451 ίκαλοόμενον
488 1369 694 1456 Μοόζουρον,
717 1367 862 1455 άπιρβάς
887 1372 1042 1445 ἐπιπόνως
1064 1375 1109 1447 εἰς
1127 1369 1187 1456 τῆν
1252 1382 1255 1391 “

95 1468 391 1563 Κελεσίνηνιχάραν
411 1467 591 1558 κατήντησε,
614 1471 728 1555 διαβάς
751 1469 785 1536 τό
811 1468 958 1557 διάτορον
978 1467 1034 1535 τόν
1049 1471 1187 1557 Εὐφρά-

93 1592 143 1651 την
169 1572 338 1654 ποταμόν,
371 1569 450 1637 κατὰ
472 1571 546 1650 τοός
574 1571 737 1659 α’ρκτυόους
770 1574 935 1656 πρόποδας
963 1573 1022 1636 aad
1057 1568 1185 1658 Ταόρου

93 1668 172 1757 παρά
194 1672 231 1736 τό
255 1678 352 1758 μόρος
372 1675 473 1740 εἰιιῖνο
492 1679 724 1759 παραρρέοντα,
745 1674 800 1739 καί
816 1675 1002 1759 διαιροῦντα
1022 1674 1091 1740 τότε
1113 1666 1187 1761 όρος

93 1773 141 1835 καί
166 1773 223 1858 τῆν
247 1778 422 1860 Κελεσίνην
453 1768 560 1860 ὥσπερ
593 1773 755 1859 μεθόριον.
809 1772 842 1839 ἒν
865 1764 963 1861 ταάτη
987 1767 1044 1839 σόν
1066 1770 1187 1859 ἡμέρας

61 1871 172 1953 ηητινάς
200 1875 405 1952 αάλισθόντος
425 1878 484 1941 roni
503 1879 739 1961 στρατοπέδου,
773 1872 864 1962 φῆμη
887 1900 935 1951 τις
963 1875 1113 1959 εἰσερρόη
1133 1874 1188 1938 τόν

93 1968 320 2062 όπολιιφθόντα
343 1975 482 2062 στρατόν
502 1979 549 2054 είς
570 1975 628 2059 τῆν
648 1979 712 2041 τῶν
729 1977 879 2059 Τοόριιων
901 1975 1082 2039 άντίιιτασιν
1096 1970 1186 2060 μάχη

93 2078 141 2138 aaa*
152 2080 280 2164 πολίμιρ
303 2081 459 2163 κραταιάς
479 2078 656 2163 ἡττηθῆναι
669 2082 724 2141 καί
745 2076 878 2151 πολλοός
903 2077 1091 2159 άπολίσθαι,
1111 2069 1188 2147 νοός

93 2175 118 2235 δ’
139 2172 331 2253 όπολοίπους
355 2181 430 2263 περί
458 2178 516 2243 τόν
551 2181 678 2261 Ταδρον
701 2179 900 2260 διασωθῆναι
934 2170 969 2240 τό
994 2167 1076 2259 όρος,
1100 2170 1186 2257 ἔγγι-

22 2290 26 2301 ’
92 2277 145 2341 οτά
164 2300 226 2343 που
251 2281 309 2343 τοό
331 2283 471 2364 πολέμου
502 2281 727 2365 γεγενημένου,
757 2280 815 2341 καί
830 2277 891 2341 nod
912 2300 998 2351 τινας
1020 2272 1186 2359 σποράδας

33 2409 37 2415 ·
57 2378 132 2460 νοεῖς
152 2379 209 2465 τὴν
231 2380 436 2468 παρεμβολῆν
456 2384 599 2462 εἰσιέναι,
621 2379 677 2446 καί
695 2375 812 2456 ἄλλους
834 2379 891 2444 ουίι
911 2379 1035 2464 σ’λίγους
1060 2376 1186 2455 ἐλπίζε-

90 2483 173 2547 σθαι.
207 2475 302 2568 ῆνδό
325 2484 364 2548 od
384 2481 516 2571 ψευδής,
540 2483 583 2559 οἷς
603 2484 817 2568 άληθίζεσθαι
838 2475 1002 2546 κάνταόθα
1023 2477 1058 2543 τό
1075 2477 1185 2542 Ἡσιό.

91 2582 189 2669 διιον,
206 2578 257 2650 ότι
280 2581 372 2672 φῆμη
411 2586 443 2649 δ’
463 2581 552 2650 οόπω
574 2584 708 2667 πάμπαν
730 2582 929 2664 άπόλλυται,
950 2575 1057 2667 ῆντινα
1077 2579 1187 2645 πολλοί

138 2757 179 2834 ’1.
200 2776 302 2838 aanor
323 2780 354 2836 G.
461 2781 488 2835 θ.
508 2785 657 2852 τραχηνολν
675 2779 706 2835 0.
781 2780 823 2832 11.
842 2781 1006 2848 ιιιλιυοίνην
1024 2779 1056 2836 G.

88 2947 233 3014 inportuno
259 2945 308 3013 dt,
332 2961 387 3014 pon
404 2947 506 3000 miuusz
529 2954 712 3016 transgressus
741 2947 812 2998 euim
837 2961 885 3014 per
912 2945 1009 3000 multos
1028 2959 1139 3015 asperos
1157 2954 1185 2999 et

90 3019 170 3072 invios
190 3019 277 3072 solies
286 3021 318 3072 ud
330 3028 440 3072 vocatos
449 3017 561 3073 Anthios
572 3034 630 3070 cum
642 3015 738 3069 relicto
750 3018 801 3071 sibi
813 3019 933 3070 exercitu
951 3018 1054 3072 delatus
1075 3027 1123 3071 est.
1145 3026 1187 3071 est

90 3098 169 3142 autem
186 3091 266 3144 locus
286 3107 320 3143 ex
331 3091 364 3143 iis
383 3107 452 3160 quae
471 3090 519 3143 sub
537 3091 640 3158 magnis
658 3089 793 3142 montibus
806 3092 856 3142 sita
869 3097 931 3141 sunt
949 3105 1050 3158 aequus
1070 3098 1098 3142 et
1115 3105 1184 3157 aqua
1253 3096 1255 3104 ‘

89 3163 197 3214 refertus
224 3172 251 3214 et
275 3164 328 3215 viis
352 3164 509 3230 importunis
538 3162 759 3225 circumcinctus,
779 3161 1056 3213 oblectamenta‘non
1073 3163 1183 3212 minime

89 3234 118 3284 iis
134 3236 178 3303 qui
193 3237 221 3286 in
233 3235 284 3286 hoc
295 3235 482 3302 degredientur
492 3234 577 3297 affert,
597 3231 687 3286 herbis
707 3231 842 3284 abundans
861 3231 939 3284 simul
959 3241 985 3283 et
1006 3231 1139 3284 frumento
1156 3239 1183 3282 et

90 3308 159 3372 quasi
171 3304 251 3359 umbo
259 3309 318 3360 sire
328 3306 467 3358 thesaurus
479 3306 552 3358 illius
562 3315 659 3370 terrae,
673 3312 700 3356 et
712 3320 819 3372 campus
831 3305 963 3356 luxuriae.
976 3305 1033 3356 dies
1047 3310 1186 3373 (numerus

91 3379 173 3449 deest)
193 3381 277 3448 igitur
296 3379 332 3430 ibi
351 3393 458 3430 manens
477 3394 525 3430 rex
544 3386 571 3429 et
583 3378 693 3429 Taurum
715 3384 841 3440 montem,
861 3375 906 3444 qui
925 3377 993 3441 apud
1012 3375 1114 3428 incolas
1134 3389 1186 3427 το-

91 3457 160 3500 catur
186 3453 333 3515 dianurus,
359 3458 538 3516 transgressus
557 3448 706 3512 laboriose,
733 3451 760 3499 in
788 3456 885 3499 terram
908 3447 1071 3500 Kelousinen
1099 3448 1183 3511 venit,

90 3530 223 3591 postquam
237 3523 342 3574 transiit
351 3523 446 3573 iterum
454 3520 615 3588 Euphratem
627 3520 738 3574 fluvium
752 3519 919 3588 subpedibus
932 3518 1185 3586 septentrionalibus

91 3595 161 3646 Tauri
187 3602 289 3662 partem
314 3594 388 3646 illam
412 3592 659 3661 praeterfluentem,
686 3600 713 3643 et
730 3591 892 3644 dividentem
912 3598 938 3642 et
955 3599 1071 3643 montem
1091 3590 1185 3642 etKe.

90 3665 196 3718 lesinem
218 3667 294 3734 quasi
313 3667 407 3718 finem:
432 3667 460 3717 in
480 3665 530 3716 hac
549 3667 632 3734 igitur
650 3666 707 3717 dies
726 3663 872 3716 nonnullos
898 3679 956 3730 cum
975 3664 1116 3716 mansisset
1136 3679 1186 3714 ex.
1255 3664 1260 3671 ⁴

92 3739 192 3803 orcitus,
213 3738 282 3790 fama
301 3738 428 3805 quaedam
447 3736 559 3802 induxit,
578 3739 700 3789 nimirum
713 3736 836 3788 relietum
850 3736 996 3788 exercitum
1006 3737 1034 3787 io
1044 3734 1186 3787 Tuscorum

92 3810 256 3877 oppositione
267 3825 355 3878 pugna
369 3817 395 3860 ot
406 3809 480 3860 bello
498 3810 632 3861 violenter
644 3808 778 3861 devictum
798 3823 857 3858 esse
878 3814 903 3857 et
921 3807 1019 3860 multos
1039 3807 1186 3870 cecidisse:

91 3881 204 3950 reliquos
223 3890 310 3932 autem
331 3882 402 3932 circa
418 3881 528 3932 Taurum
547 3889 669 3934 servatos
687 3896 747 3932 esse
764 3888 890 3944 montem,
909 3895 967 3929 cum
987 3879 1106 3947 proxime
1124 3875 1187 3929 bel.

91 3952 139 4003 lom
158 3953 256 4005 factum
276 3961 357 4018 esset,
377 3961 404 4004 et
422 3953 545 4020 quosdam
558 3953 693 4019 dispersos
712 3953 741 4002 in
760 3949 845 4002 castra
863 3951 977 4017 ingredi,
998 3959 1024 4002 et
1043 3948 1111 4001 alios
1130 3963 1184 4001 non

91 4039 183 4089 paucos
204 4027 363 4093 exspectari.
402 4032 459 4075 erat
477 4031 563 4075 autem
582 4039 636 4076 non
662 4015 746 4086 falsa}
772 4024 809 4074 ita
827 4028 856 4072 ut
875 4037 967 4072 verum
986 4023 1021 4074 sit
1041 4021 1119 4072 etiam
1140 4020 1185 4072 hio

91 4095 245 4148 Hesiodeum
265 4097 341 4149 illud.
380 4095 465 4161 „suma
484 4098 591 4146 omnino
616 4111 670 4147 non
690 4095 776 4145 inanis
796 4102 850 4158 ost,
871 4107 947 4161 quam
967 4093 1042 4144 multi
1062 4091 1183 4144 homines

93 4167 227 4220 dictitant:
254 4171 304 4221 dea
336 4174 409 4218 certe
429 4166 555 4234 quaedum
585 4176 624 4220 est
649 4175 677 4217 et
695 4169 778 4233 ipsust
809 4198 842 4208 -
861 4163 979 4216 confecti
1001 4166 1071 4217 enim
1090 4164 1184 4214 anisnis

93 4236 184 4292 Graeci
203 4251 274 4294 metu
297 4240 439 4294 'furcarum
459 4254 517 4291 cum
536 4255 551 4293 a
570 4240 644 4309 regis
670 4247 697 4292 et
720 4237 825 4308 reliqua
842 4238 969 4308 discerpti
989 4244 1078 4292 esseut
1095 4233 1188 4286 multi.
