2967 4825
506 306 749 379 nrsromn.
887 331 891 339 =
1133 294 1188 374 λό’
1251 259 1258 269 ’

87 472 175 559 ου’τῷ
199 474 330 554 βασιλεῖ
360 471 483 555 γέγονεν
515 471 559 549 τάς
592 472 706 556 μερικῆ
733 496 779 548 τις
809 449 983 554 δυσβουλία
1008 468 1062 537 καί
1092 473 1199 536 συνέω

85 578 192 650 λευσις
221 570 415 657 συνετάραξε
453 571 488 637 τό
529 573 687 659 άπηκοον,
714 576 792 657 ου’χί
827 572 969 657 συνθη’κη
1008 570 1096 657 κοινὴ
1133 576 1187 639 καί

87 679 270 761 σογιιινησις
298 672 514 756 ἐξεπολέμωσε
538 680 668 755 τοῦτον,
701 676 757 740 καί
778 677 920 761 θάρσους
940 673 1189 759 ἐνεπλήσθησαν,

76 778 133 851 ἐἰς
154 774 289 864 ἔρευναν
310 773 411 851 εόθάς
434 779 582 861 διανέστη
605 781 660 841 καί
685 780 751 842 τῶν
770 780 1006 861 τετολμημένων
1031 777 1190 859 ἐκδίκησιν

64 876 103 940 od
125 881 263 958 sparos.
314 879 368 942 καί
398 880 470 942 έπεί
490 883 602 943 λαθεῖν
629 880 687 941 otis
712 881 785 962 ένῆν
812 874 888 952 τοδς
917 873 1069 943 τοσοάτου
1091 878 1190 939 κακοῦ

86 977 314 1062 πρωτεργάτσς
334 980 388 1043 καί
407 977 604 1055 στασιαστὰς
627 984 681 1045 καί
701 978 913 1062 συνίστορας,
938 969 1049 1063 ἤγοντο
1070 973 1191 1043 τοότων

89 1080 226 1161 συχνοί,
253 1084 309 1145 καί
334 1079 559 1156 καθοσιάσεως
587 1083 632 1157 εἰς
662 1082 797 1161 βασιλέα
821 1083 999 1166 φερομένης
1021 1080 1191 1161 ἐκρίνοντο.

64 1184 143 1244 ’καί
165 1176 277 1261 οἱμὲν
300 1178 440 1263 εἱρκταῖς
464 1182 643 1264 δημοσίαις,
666 1178 696 1245 οἱ
719 1183 755 1245 δὲ
774 1182 939 1261 άμειδέσιν
954 1180 1102 1254 οἰκίσκοις
1123 1175 1192 1242 έδίὲ

89 1284 192 1347 δοντα.
237 1272 328 1345 άλλοι
353 1284 388 1345 δέ
408 1278 529 1346 τοότων
553 1280 608 1347 τόν
632 1280 769 1348 θάνατον
792 1284 932 1348 έκκλῖναι
953 1278 1194 1361 σπουδάζοντες,

50 1390 78 1444 1⁰
88 1382 301 1466 ὑποσχέσεσιν
323 1380 507 1465 ἐλευθερίας
528 1382 718 1470 σαινόμενοι,
749 1381 937 1469 προεδίδουν
957 1376 1095 1466 ἐτέρους.
1138 1381 1194 1446 καί

87 1486 162 1549 καθ’
194 1477 331 1569 ἑκάστην
351 1483 634 1571 ’συνελαμβάνοντο
664 1488 795 1571 συχνοί,
824 1483 880 1548 καί
907 1482 1007 1569 φόβος
1028 1476 1094 1565 εἶχε
1117 1478 1192 1555 τεός

88 1588 256 1661 πλείστους
277 1587 330 1650 ἵνα
351 1584 394 1668 μη“
417 1590 629 1673 συλληφθαῖσι
647 1584 924 1673 κατηγορούμεναι.
968 1588 1046 1657 τέως
1068 1585 1103 1647 δὲ
1122 1607 1191 1664 μα-

85 1690 244 1769 στιγοόσας
265 1684 389 1751 τούτων
409 1688 499 1762 τινάς
525 1688 542 1750 ό
566 1693 701 1771 κρατιόν,
724 1686 781 1751 καί
803 1688 849 1762 εἰς
870 1688 940 1771 φάς
961 1682 1038 1761 τοός
1059 1681 1192 1765 έπιβοό-

87 1795 164 1863 λοος
186 1785 376 1871 προαγαγών
399 1791 475 1853 οάδέ
492 1789 566 1873 πρὶν
586 1788 818 1873 ἀγνοουμένους
841 1786 895 1853 διά
915 1787 949 1852 τό
963 1787 1135 1869 ε’κραγῆναι
1156 1781 1193 1848 τά

50 1912 77 1963 15
89 1888 317 1971 μελετώμενον,
341 1894 428 1979 φυγῇ
452 1888 583 1965 τοότους
603 1893 658 1955 καί
682 1891 836 1974 δημεύσει
858 1890 1109 1972 προσεξημίωσε,
1129 1908 1195 1967 μη-

89 1995 166 2057 δένα
191 1994 232 2056 δι’
256 1990 389 2074 αἵματος
411 1991 658 2075 τιμωρήσασθαι
681 1992 914 2073 άνασχόμενος,
948 1987 1018 2051 ἀλλ’
1040 1983 1194 2069 ειίψόχως

87 2092 149 2176 τὴν
172 2095 342 2176 παροινίαν
375 2091 429 2156 καί
455 2092 669 2175 μετριώτερον
699 2088 842 2173 ἐνεγκάν.
886 2085 945 2173 πρά
971 2090 1006 2151 δέ
1028 2088 1151 2152 πάντων
1175 2081 1193 2148 ά

87 2196 253 2279 εἰρημένος
271 2189 422 2277 ἔπαρχος,
444 2190 627 2268 συνειδότος
648 2189 874 2275 κατηγορηθείς
888 2188 943 2253 καί
961 2188 1093 2274 κριθείς,
1114 2181 1192 2250 ὗσε.

88 2299 183 2383 ρορίρι
205 2296 260 2357 κατ’
272 2295 421 2378 δημεύσει
442 2292 522 2359 κατά
539 2291 597 2376 τὴν
619 2291 719 2376 αότῆν
741 2292 863 2375 ἡμέραν
878 2294 935 2373 τῆς
947 2290 1094 2371 ταραχῆς
1114 2283 1192 2351 άπε-

48 2394 211 2482 notior,
243 2393 352 2461 εἶσιιάν
380 2398 440 2478 μέν
460 2397 505 2472 εἷς
535 2392 576 2460 τά
596 2398 745 2479 βασιλεια
775 2386 818 2469 olle
841 2417 872 2458 τι
893 2393 955 2457 τεόν
977 2390 1112 2455 δεόντων
1133 2413 1193 2452 κα-

89 2494 261 2583 τορθωκάς
283 2496 339 2564 καί
358 2495 393 2564 τό
414 2498 587 2581 στασιάζον
618 2493 838 2578 κατευνακιός,
867 2494 1060 2582 άφαιρεθείς
1082 2491 1118 2554 δέ
1137 2489 1193 2574 τὴν

91 2595 196 2684 ζοόνην
218 2601 273 2667 καί
300 2596 339 2663 τά
368 2597 544 2685 παράσημα
573 2605 630 2668 καί
656 2599 843 2685 κατάκριτος
873 2592 1119 2684 αἰτροσδοκὴτοος
1140 2613 1194 2677 γε·

91 2697 231 2784 νόμενος.

160 2838 186 2889 3.
207 2835 312 2892 τοῦτολ
417 2839 443 2890 5.
465 2835 621 2898 τοσούτους
640 2837 670 2892 0.

90 2960 162 3011 lruuc
181 2965 284 3011 aestum
303 2966 331 3010 et
350 2960 456 3012 omnino
475 2976 630 3028 persuasum
650 2969 691 3013 est
708 2959 792 3030 regiis
811 2968 839 3012 et
855 2961 915 3030 regi
930 2958 993 3028 ipsi,
1012 2957 1094 3026 partis
1107 2969 1194 3025 quan-

90 3033 148 3084 dum
167 3031 386 3083 malevolentiam
406 3042 432 3084 et
452 3033 676 3099 conspirationem
693 3032 815 3085 turbasse
840 3033 985 3094 subiectos,
1014 3043 1102 3103 neque
1127 3041 1194 3081 vero

90 3105 244 3169 pactionem
264 3119 430 3154 communem
450 3113 477 3156 et
496 3107 706 3157 coniurationem
727 3105 799 3156 lruno
817 3105 892 3157 bello
911 3103 1067 3167 induxisse,
1089 3107 1115 3150 et
1133 3102 1194 3152 sni.

88 3191 130 3226 mo
150 3173 255 3240 impleti
275 3183 345 3237 sunt,
365 3177 398 3226 ad
416 3176 616 3244 inquisitionem
637 3177 723 3228 statim
742 3178 859 3228 surrexit
878 3183 905 3227 et
923 3177 1089 3240 inceptorum
1109 3170 1194 3224 ultio..

88 3262 148 3298 nem
166 3247 321 3311 imperator.
360 3254 439 3315 atque
459 3265 518 3299 cum
536 3264 591 3299 non
608 3247 694 3299 latore
712 3258 824 3314 possent
843 3249 908 3298 tanti
927 3245 989 3296 mali
1014 3253 1139 3296 auctores
1166 3250 1193 3295 et

88 3318 211 3368 seditiosi
232 3324 258 3367 et
277 3320 388 3382 conscii,
408 3319 675 3386 deprehendebantur
694 3319 788 3370 borum
813 3319 888 3369 multi
917 3325 943 3368 et
967 3317 1136 3380 dedicatione
1160 3317 1192 3366 sd

88 3404 181 3458 regern
202 3387 256 3440 latu
273 3390 466 3455 indicabantur,
485 3400 568 3458 atque
587 3391 634 3442 alii
654 3392 760 3459 quidem
781 3389 897 3441 vinculis
908 3388 1033 3456 publicis,
1045 3387 1091 3438 alii
1106 3385 1192 3437 tristi.

87 3460 136 3512 bus
156 3460 288 3513 aedificiis
309 3462 489 3526 tradebantur,
509 3463 559 3513 alii
577 3471 666 3514 antem
685 3462 780 3514 horum
800 3470 911 3513 mortem
931 3461 1033 3512 evitare
1059 3457 1195 3510 studentes

88 3532 228 3600 promissis
252 3532 384 3585 libertatis
414 3533 509 3585 molliti
540 3534 687 3600 prodebant
705 3535 794 3597 alios,
828 3543 854 3585 et
878 3531 997 3601 quotidie
1023 3530 1195 3599 capiebantur
1255 3571 1259 3581 .

88 3604 176 3667 multi,
210 3612 236 3654 et
253 3613 338 3656 metus
357 3605 466 3657 tenebat
484 3607 624 3673 plurimos,
644 3622 679 3656 ne
698 3613 858 3674 caperentur
884 3603 1011 3656 accusati.
1055 3607 1210 3670 postquam¹

87 3684 178 3727 antem
204 3690 253 3741 per
270 3682 374 3742 tempus
392 3677 502 3744 aliquod
526 3678 669 3746 castigavit
687 3680 780 3731 horum
800 3676 925 3744 quosdam
953 3677 1098 3741 imperator
1123 3681 1150 3723 et
1168 3673 1195 3723 in

87 3748 176 3799 lucem
201 3748 357 3800 insidiantes
385 3753 527 3819 produxit,
547 3765 613 3818 quos
638 3765 673 3801 ne
697 3759 777 3802 autea
802 3748 907 3816 quidem
939 3747 1111 3813 ignoraverat
1136 3759 1195 3795 cum

89 3818 233 3870 consilium
257 3825 439 3888 prorupisset,
467 3823 565 3875 exsilio
588 3821 636 3872 hos
665 3831 692 3873 et
715 3820 897 3888 publicatione
919 3819 1039 3885 punivit,
1063 3819 1196 3868 neminem

89 3891 221 3958 sangnine
240 3897 271 3944 se
289 3894 440 3957 puniturum
460 3895 608 3962 pollicitus,
628 3894 674 3949 sed
693 3907 828 3962 generose
847 3893 969 3941 iniuriam
990 3897 1016 3940 et
1033 3889 1195 3940 moderatius

90 3964 190 4013 ferens.
233 3963 304 4016 Ante
334 3978 426 4018 omnes
460 3975 547 4018 antem
576 3973 795 4017 commemoratus
828 3963 980 4030 praefectus
1014 3962 1195 4012 conscientiae

89 4043 230 4087 accusatus
244 4044 271 4087 et
289 4039 425 4092 damnatus
445 4041 519 4091 exilii
540 4051 566 4093 et
585 4037 772 4103 publicationis
793 4036 885 4086 eodem
904 4035 947 4084 dic
966 4034 1059 4084 turbae
1073 4033 1196 4089 inductus

90 4114 139 4168 cst,
159 4109 297 4176 ingressus
317 4112 345 4161 iu
363 4114 476 4182 regiam,
498 4115 574 4181 quasi
599 4110 700 4177 aliquid
715 4107 928 4159 necessariorum
944 4105 1013 4156 bene
1034 4105 1144 4156 fecisset
1170 4109 1197 4152 et

92 4180 251 4232 seditionem
278 4186 488 4251 composuisset,
521 4186 641 4252 privatus
677 4187 765 4231 autem
797 4175 927 4254 cingulo·
941 4184 968 4228 et
994 4175 1197 4245 insignierunt

92 4249 230 4304 damnatus
249 4263 355 4322 praeter
375 4257 602 4325 exspectationem
630 4252 744 4306 suctus.x
