2967 4825
578 259 789 337 unrorm
1064 243 1066 245 ’
1164 260 1234 367 aaa
1343 300 1353 318 ·

132 427 225 489 λεεεο
246 419 332 505 παρό
354 423 418 487 τόν
437 424 613 504 προσοίκων
634 423 698 489 τόν
714 421 814 489 ἒκείσε
837 427 952 505 νωμοῖν
974 449 1007 493 τε
1030 430 1085 493 καί
1105 426 1234 495 πόλεων.

133 524 277 604 συνῆσαν
301 522 335 586 δὲ
356 519 455 608 τούτῳ
478 522 534 593 καί
555 525 702 606 πρέσβεις
731 521 819 607 παρό
841 530 900 591 τοῦ
921 532 1096 594 σοολτόναο
1119 552 1237 615 sposs-
1247 542 1267 598 l.
1277 542 1328 599 201
1338 555 1368 599 v·
1471 566 1474 571 ·

133 625 366 708 φοδιασδέντες
390 624 489 709 αόιρλ.

238 735 360 823 Ταότης
383 732 441 803 οόν
462 744 519 825 τῆς
541 741 649 827 φήμης
665 740 815 827 αι’τὴκαοι
837 742 891 809 καί
911 745 1003 829 ἡμεῖς
1022 746 1182 831 γεγονότες
1204 752 1239 816 ἐν

105 840 122 893 5
137 840 358 928 Τραπεζοῦντι
373 842 488 924 (ἐκεῖσε
501 839 564 925 γόρ
576 846 830 929 ιιατηνόχδημεν,
846 845 1027 911 διαπόντιον
1038 847 1095 932 τήν
1107 854 1240 933 πορείαν
1352 902 1363 913 .

130 941 266 1026 ποιῆσαι
287 940 495 1027 σκεψόμενοι)
521 941 702 1033 α’,αήχανονθ
717 942 785 1026 όμα
804 945 869 1032 ,καί
889 940 1020 1013 ἄπιστον
1046 948 1081 1012 τό
1106 952 1239 1035 πρᾶγμα

129 1041 308 1127 ἡγούμεθα,
322 1042 377 1108 aaa*
386 1043 440 1107 διό
454 1043 615 1130 εοῦτοτήν
632 1044 686 1110 διό
702 1046 870 1133 θαλάσσης
884 1047 959 1113 όδόν
971 1049 1105 1134 ἠνύομεν
1118 1053 1239 1136 ἀμετα-

26 1151 29 1276 J
129 1145 275 1226 στρεπτί,
291 1142 443 1227 πλοιάρια
458 1146 519 1239 τεόν
533 1146 800 1228 ε’γχοορίωνὶκανό
819 1148 1072 1231 μισθωσάμενοι.
1096 1157 1239 1238 συνῆσαν

25 1283 27 1332 ρ
128 1242 194 1327 γὰρ
224 1246 280 1308 καί
311 1248 368 1327 τῆς
395 1248 563 1330 βασιλικῆς
593 1246 693 1332 αόλῆς
726 1242 840 1335 ἄνδρες
871 1254 906 1315 ἐκ
934 1254 997 1315 τεόν
1029 1251 1163 1336 πρώτων
1183 1258 1239 1338 τῆς

23 1347 26 1436 J
78 1342 312 1429 noooyxlq'aov
339 1350 478 1428 βουλῆς,
499 1347 688 1431 παραδόξως
711 1347 768 1415 τόν
799 1353 945 1417 κίνδυνον
967 1353 1239 1441 σονδιαφογόντες

26 1466 30 1476 ·
101 1446 220 1527 ,ἧμῖν.
273 1448 376 1530 ἕτεροι
407 1448 442 1512 δὲ
469 1446 687 1534 κατεκόπησαν
723 1452 757 1514 ἐν
794 1452 878 1539 αότρλ
899 1456 942 1538 τῷ
974 1457 1100 1541 πολέμῳ
1121 1456 1178 1519 καί
1196 1456 1240 1539 τῷ

130 1550 279 1638 δρασμῷ,
296 1550 372 1628 μεθ’
394 1538 438 1613 ὧν
459 1553 515 1614 καί
526 1554 622 1615 Λέων
646 1553 762 1627 ἐκεῖνος
785 1550 803 1615 ό
826 1552 879 1617 ἐπὶ
899 1557 962 1617 τιόν
985 1552 1136 1638 δεήσεων,
1157 1551 1238 1639 α’νὴρ

130 1646 214 1737 λόγῳ
238 1653 293 1714 καί
311 1651 426 1733 γνοόοει
449 1653 715 1739 διαφανέστατος,
736 1656 792 1719 ιιαί
811 1653 826 1719 δ
848 1652 1022 1740 μόγιστρος
1035 1651 1239 1737 Εόστρότιος,
1297 1680 1301 1689 ’

130 1754 190 1815 καί
211 1753 333 1834 πρῶτος
359 1754 530 1838 α’σηκρῆτις
551 1753 836 1842 όΧοιροσφόκεης.
878 1751 962 1840 ἐόλει
984 1759 1020 1821 δὲ
1038 1754 1128 1827 καλό
1150 1782 1240 1842 πρω-

87 1866 120 1919 15
130 1856 305 1937 τοσβέστης
326 1857 497 1931 Βασίλειος
519 1851 536 1920 ιλ
556 1860 722 1940 Μαλέσης,
748 1856 787 1922 τό
820 1859 931 1939 πρῶτα
952 1863 1059 1943 φέρων
1080 1862 1122 1944 τῷ
1141 1863 1239 1937 βασι-

76 1965 78 1971 ·
129 1960 193 2035 λεί,
214 1949 251 2018 τό
270 1955 327 2018 τοῦ
344 1959 524 2039 ,λσγσδότοα
553 1960 615 2025 τόν
647 1952 775 2024 όδόιων
803 1958 954 2046 όφφίκιον
975 1960 1236 2043 περιεζωσμένος,

129 2055 218 2145 λόγῳ
240 2054 295 2120 καί
312 2054 409 2133 αότός
425 2059 480 2123 καί
492 2062 595 2149 ’πείρα
613 2062 737 2127 πολλῶν
756 2060 993 2145 όπερκείμενος.

235 2177 348 2257 Μέχρι
377 2180 438 2256 μὲν
471 2168 527 2241 οόν
561 2175 680 2242 τούτων
706 2173 888 2263 όσόγχυεος
915 2174 990 2263 ἡμίν
1022 2174 1039 2241 ό
1067 2179 1158 2263 λόγος
1186 2183 1242 2246 καί

131 2270 203 2343 οἷον
224 2274 475 2361 ολπερικτόπητος
506 2277 561 2343 ’καί
582 2274 783 2363 όμαλιόιερον
800 2283 939 2361 βαίνων,
958 2270 1019 2343 καλό
1037 2281 1068 2345 εἰ
1083 2283 1138 2344 καί
1157 2304 1240 2365 προ-

84 2378 262 2454 λθσόντεις
283 2373 350 2461 εἶχε
373 2380 428 2444 καί
455 2377 583 2464 οίκτρός
611 2379 668 2457 τός
690 2380 898 2467 ἒπεξηγήσεις.
948 2378 984 2446 τό
1013 2383 1042 2445 δ’
1063 2380 1125 2446 α’πό
1147 2382 1239 2448 τοῦδε
1278 2383 1280 2387 ’

130 2485 181 2556 τίς
208 2475 247 2545 όν
266 2483 347 2544 κατὰ
376 2483 474 2563 μέρος
505 2481 540 2545 τό
576 2484 697 2566 πλῆθος
724 2486 788 2548 τῶν
810 2483 1061 2565 ,ε’πισομβόνιων
1088 2487 1240 2566 χαλεπῶν

133 2580 334 2668 διηγήσαιιο;
362 2581 401 2646 οό
433 2583 611 2668 πρόσαντες
634 2585 710 2669 ἦμιζν
730 2581 766 2648 τό
794 2587 997 2675 προκείμενον
1016 2582 1128 2671 μόνον,
1155 2581 1238 2650 α’λλολ

210 2761 251 2814 16.
271 2763 497 2836 περιεζωσμένοι
508 2762 539 2818 G.

133 2929 211 2997 liqna
229 2900 319 2980 antem
339 2926 480 2980 multitudo
509 2929 625 2981 collecta
644 2937 685 2982 est
704 2945 719 2980 a
738 2930 835 2982 vicinis
864 2928 974 2983 illorum
992 2943 1122 3000 pagorum
1140 2937 1168 2983 et
1188 2945 1237 2984 ur.

132 3001 225 3054 binni:
245 3000 353 3053 aderant
371 3000 434 3051 huie
453 3001 532 3052 etiam
551 3001 644 3071 legati,
666 3018 682 3052 a
700 3003 806 3055 sultano
828 3002 853 3052 ei
871 3002 963 3054 additi.

238 3097 322 3161 Quam
347 3099 453 3164 quidem
477 3099 650 3170 lamamteum
675 3101 754 3151 etiam
781 3112 830 3150 nos
850 3098 1015 3166 Trapezunte
1034 3099 1238 3166 audivissemus,

135 3168 219 3240 (illuc
238 3170 308 3220 enirn
320 3169 402 3222 delati
421 3180 534 3234 eramus,
554 3178 714 3222 transmare
733 3169 868 3238 proficisci
888 3171 990 3237 eonati)
1011 3170 1070 3222 lieri
1084 3183 1138 3224 uon
1157 3185 1239 3237 posse

134 3239 215 3296 simul
236 3248 262 3292 et
279 3241 331 3292 lide
357 3256 450 3292 carere
470 3257 525 3293 rein
544 3242 714 3308 putabamus,
745 3249 824 3308 atque
844 3249 987 3308 propterea
1010 3241 1061 3292 iter
1080 3242 1238 3294 maritimum

135 3312 339 3382 perficiebamus
357 3313 416 3364 sine
434 3315 596 3379 mutatione,
616 3329 675 3365 curn
693 3329 777 3366 naues
797 3312 943 3364 incolarum
962 3312 1072 3364 idoneas
1092 3315 1238 3366 conduxis.

32 3441 37 3454 Ι
136 3400 233 3439 semus.
278 3385 389 3437 aderant
418 3387 488 3437 enim
517 3387 595 3436 etiam
622 3402 655 3438 ex
674 3385 735 3438 aula
761 3385 837 3452 regia
857 3385 909 3437 viri
928 3383 1047 3452 primarii
1067 3385 1174 3436 consilii
1192 3385 1240 3452 qui

136 3465 245 3526 praeter
268 3472 343 3524 spem
359 3456 498 3509 nobiscum
527 3457 675 3525 perieulum
696 3457 853 3526 effugerant.
900 3455 946 3508 alii
968 3462 1055 3506 autern
1074 3457 1158 3508 occisi
1179 3464 1240 3510 sunt

137 3531 165 3582 in
185 3530 244 3598 ipso
263 3528 337 3580 bello
358 3537 385 3580 et
403 3529 475 3596 luga,
495 3531 565 3581 inter
584 3544 650 3598 quos
670 3531 749 3582 etiam
769 3527 823 3579 Leo
840 3527 898 3594 ille,
917 3527 961 3595 qui
982 3542 997 3577 a
1015 3526 1181 3594 supplicibus
1201 3528 1240 3580 li.

137 3599 228 3654 bellis
239 3601 375 3665 eratpvir
401 3603 522 3653 oratione
537 3609 569 3661 ‚et
586 3601 728 3670 prudentia
753 3599 963 3652 illustrissimus:
993 3607 1020 3650 et
1037 3600 1163 3668 magister
1181 3599 1240 3652 Eu.

138 3673 256 3735 streties,
276 3680 303 3724 et
321 3673 454 3738 primusa
472 3675 600 3737 secretis,
624 3671 870 3740 Choerosplraetes:
899 3678 991 3739 captus
1018 3679 1058 3723 est
1082 3671 1161 3722 etiam
1180 3673 1239 3738 pri.
1335 3687 1340 3696 ·

137 3760 196 3796 mus
221 3743 364 3796 vestiarius
388 3744 504 3797 Basilius
529 3745 664 3808 llalesas,'
688 3745 864 3812 principatum
888 3743 989 3796 habens
1016 3742 1084 3809 apud
1102 3758 1194 3812 regem
1213 3751 1241 3794 et

139 3816 271 3868 rationum
293 3831 421 3883 aquarum
447 3817 619 3882 descriptoris
647 3816 737 3868 officio
766 3816 916 3882 praeditus,
948 3815 1070 3867 oratione
1090 3822 1116 3865 et
1135 3815 1194 3884 ipse
1213 3823 1240 3867 et

140 3888 311 3959 experientia
328 3885 427 3955 multis
437 3890 571 3956 superior.
1248 3911 1255 3921 ¹

239 3985 373 4036 llaetenns
400 3985 481 4052 igitur
507 3978 653 4052 composita
679 3985 758 4036 nobis
783 3992 840 4037 erat
867 3986 952 4035 oratio
978 3999 1066 4051 neque
1092 3985 1167 4052 quasi
1183 3986 1239 4036 eir.
1302 4049 1304 4054 ,

139 4057 279 4120 cnmlnsa,
308 4064 335 4106 et
352 4057 493 4124 aequalius
511 4058 688 4124 procedebat,
710 4057 812 4108 etiamsi
837 4057 968 4107 adversas
983 4054 1123 4107 exhiberet
1142 4064 1169 4107 et
1186 4059 1239 4106 mi.
1342 4084 1344 4090 ‚

139 4145 214 4183 seraa
234 4129 426 4195 expositiones.
465 4129 526 4181 inde
551 4138 638 4181 autem
658 4130 717 4198 quis
736 4143 771 4179 ex
789 4128 882 4179 ordine
909 4127 1104 4180 multitudinem
1121 4127 1239 4180 difficul-

138 4209 233 4268 tatum,
253 4216 322 4269 qnae
335 4209 516 4267 accesserunt,
537 4217 660 4256 enarrare
676 4198 782 4271 possit?
800 4215 889 4270 neque
908 4200 977 4253 enim
995 4199 1135 4256 adversum
1154 4199 1239 4254 solum
