<?xml version="1.0" encoding="UTF-8"?>
<!DOCTYPE html PUBLIC "-//W3C//DTD XHTML 1.0 Transitional//EN"
    "http://www.w3.org/TR/xhtml1/DTD/xhtml1-transitional.dtd">
<html xmlns="http://www.w3.org/1999/xhtml" xml:lang="en" lang="en">
 <head>
  <title>
</title>
<meta http-equiv="Content-Type" content="text/html;charset=utf-8" />
  <meta name='ocr-system' content='tesseract 3.04.00' />
  <meta name='ocr-capabilities' content='ocr_page ocr_carea ocr_par ocr_line ocrx_word'/>
</head>
<body>
  <div class='ocr_page' id='page_1' title='image "./corpusscriptoru41theogoog_0247.png"; bbox 0 0 2967 4825; ppageno 0'>
   <div class='ocr_carea' id='block_1_1' title="bbox 5 159 1363 2762">
    <p class='ocr_par' dir='ltr' id='par_1_1' title="bbox 123 159 1277 623">
     <span class='ocr_line' id='line_1_1' title="bbox 565 159 1225 243; baseline 0.02 -13"><span class='ocrx_word' id='word_1_1' title='bbox 565 159 775 233; x_wconf 71' lang='grc' dir='ltr'><strong><em>ΒΙθΤῦΙὶλίλ.</em></strong></span> <span class='ocrx_word' id='word_1_2' title='bbox 1152 166 1225 243; x_wconf 70' lang='lat'><strong>231</strong></span> 
     </span>
     <span class='ocr_line' id='line_1_2' title="bbox 123 322 1228 421; baseline 0.006 -33"><span class='ocrx_word' id='word_1_3' title='bbox 123 324 244 407; x_wconf 84' lang='grc' dir='ltr'><strong><em>γειθίας</em></strong></span> <span class='ocrx_word' id='word_1_4' title='bbox 264 322 353 392; x_wconf 80' lang='grc' dir='ltr'><strong><em>κατά</em></strong></span> <span class='ocrx_word' id='word_1_5' title='bbox 366 328 429 393; x_wconf 91' lang='grc' dir='ltr'><strong>τῶν</strong></span> <span class='ocrx_word' id='word_1_6' title='bbox 450 324 633 403; x_wconf 78' lang='grc' dir='ltr'><strong><em>α’ντιπάλων</em></strong></span> <span class='ocrx_word' id='word_1_7' title='bbox 655 331 849 415; x_wconf 86' lang='grc' dir='ltr'><strong><em>προτέρημα.</em></strong></span> <span class='ocrx_word' id='word_1_8' title='bbox 892 326 1035 417; x_wconf 78' lang='grc' dir='ltr'><strong><em>πλῆθους</em></strong></span> <span class='ocrx_word' id='word_1_9' title='bbox 1052 334 1116 421; x_wconf 85' lang='grc' dir='ltr'><strong>γάρ</strong></span> <span class='ocrx_word' id='word_1_10' title='bbox 1139 336 1228 420; x_wconf 83' lang='grc' dir='ltr'><strong><em>α’μυ.</em></strong></span> 
     </span>
     <span class='ocr_line' id='line_1_3' title="bbox 124 426 1227 525; baseline 0.015 -35"><span class='ocrx_word' id='word_1_11' title='bbox 124 426 231 512; x_wconf 76' lang='grc' dir='ltr'><strong><em>θητου</em></strong></span> <span class='ocrx_word' id='word_1_12' title='bbox 259 427 457 515; x_wconf 83' lang='grc' dir='ltr'><strong><em>Βουλγάρων</em></strong></span> <span class='ocrx_word' id='word_1_13' title='bbox 487 426 796 514; x_wconf 69' lang='grc' dir='ltr'><strong>ἐπιστρατεύσαντος</strong></span> <span class='ocrx_word' id='word_1_14' title='bbox 820 436 860 519; x_wconf 80' lang='grc' dir='ltr'><strong><em>τῇ</em></strong></span> <span class='ocrx_word' id='word_1_15' title='bbox 881 434 1135 515; x_wconf 67' lang='grc' dir='ltr'><strong><em>Θεσσαλονικέων</em></strong></span> <span class='ocrx_word' id='word_1_16' title='bbox 1165 464 1227 525; x_wconf 83' lang='grc' dir='ltr'><strong>μη·</strong></span> 
     </span>
     <span class='ocr_line' id='line_1_4' title="bbox 125 525 1277 623; baseline 0.01 -27"><span class='ocrx_word' id='word_1_17' title='bbox 125 525 283 615; x_wconf 85' lang='grc' dir='ltr'><strong><em>τροπόλει,</em></strong></span> <span class='ocrx_word' id='word_1_18' title='bbox 305 530 346 593; x_wconf 80' lang='grc' dir='ltr'><strong>ου’</strong></span> <span class='ocrx_word' id='word_1_19' title='bbox 367 532 547 617; x_wconf 75' lang='grc' dir='ltr'><strong><em>κατεπλάγη</em></strong></span> <span class='ocrx_word' id='word_1_20' title='bbox 569 528 652 615; x_wconf 88' lang='grc' dir='ltr'><strong><em>πρός</em></strong></span> <span class='ocrx_word' id='word_1_21' title='bbox 673 530 732 611; x_wconf 85' lang='grc' dir='ltr'><strong><em>τάς</em></strong></span> <span class='ocrx_word' id='word_1_22' title='bbox 752 534 908 613; x_wconf 86' lang='grc' dir='ltr'><strong><em>τοσαύτας</em></strong></span> <span class='ocrx_word' id='word_1_23' title='bbox 936 533 1089 619; x_wconf 82' lang='grc' dir='ltr'><strong><em>δυνάμεις</em></strong></span> <span class='ocrx_word' id='word_1_24' title='bbox 1110 540 1227 623; x_wconf 84' lang='grc' dir='ltr'><strong><em>αύτῶν,</em></strong></span> <span class='ocrx_word' id='word_1_25' title='bbox 1273 615 1277 619; x_wconf 57' lang='grc'><strong><em>,</em></strong></span> 
     </span>
    </p>

    <p class='ocr_par' dir='ltr' id='par_1_2' title="bbox 15 628 1363 1233">
     <span class='ocr_line' id='line_1_5' title="bbox 15 628 1229 731; baseline 0.009 -37"><span class='ocrx_word' id='word_1_26' title='bbox 15 726 19 731; x_wconf 76' lang='lat'><em>‚</em></span> <span class='ocrx_word' id='word_1_27' title='bbox 125 633 181 695; x_wconf 82' lang='grc' dir='ltr'><strong><em>καί</em></strong></span> <span class='ocrx_word' id='word_1_28' title='bbox 210 632 274 696; x_wconf 86' lang='grc' dir='ltr'><strong>τῶν</strong></span> <span class='ocrx_word' id='word_1_29' title='bbox 300 635 415 714; x_wconf 85' lang='grc' dir='ltr'><strong><em>τειχῶν</em></strong></span> <span class='ocrx_word' id='word_1_30' title='bbox 444 631 531 709; x_wconf 84' lang='grc' dir='ltr'><strong><em>ε’ντός</em></strong></span> <span class='ocrx_word' id='word_1_31' title='bbox 554 628 669 699; x_wconf 77' lang='grc' dir='ltr'><strong><em>ἑαυτόν</em></strong></span> <span class='ocrx_word' id='word_1_32' title='bbox 700 640 935 720; x_wconf 71' lang='grc' dir='ltr'><strong><em>περιέστειλεν,</em></strong></span> <span class='ocrx_word' id='word_1_33' title='bbox 963 639 1029 705; x_wconf 76' lang='grc' dir='ltr'><strong><em>ἄλλ’</em></strong></span> <span class='ocrx_word' id='word_1_34' title='bbox 1052 633 1104 706; x_wconf 84' lang='grc' dir='ltr'><strong>οἷά</strong></span> <span class='ocrx_word' id='word_1_35' title='bbox 1128 666 1229 728; x_wconf 84' lang='grc' dir='ltr'><strong><em>φασιν</em></strong></span> 
     </span>
     <span class='ocr_line' id='line_1_6' title="bbox 100 727 1227 827; baseline 0.004 -26"><span class='ocrx_word' id='word_1_36' title='bbox 100 734 229 801; x_wconf 68' lang='lat' dir='ltr'><strong>balneis</strong></span> <span class='ocrx_word' id='word_1_37' title='bbox 248 730 348 797; x_wconf 87' lang='grc' dir='ltr'><strong><em>αότόν</em></strong></span> <span class='ocrx_word' id='word_1_38' title='bbox 369 730 424 797; x_wconf 88' lang='grc' dir='ltr'><strong>τόν</strong></span> <span class='ocrx_word' id='word_1_39' title='bbox 439 733 663 817; x_wconf 81' lang='grc' dir='ltr'><strong><em>Ἀλέξανδρον,</em></strong></span> <span class='ocrx_word' id='word_1_40' title='bbox 698 734 743 812; x_wconf 84' lang='grc' dir='ltr'><strong>ῶς</strong></span> <span class='ocrx_word' id='word_1_41' title='bbox 763 727 808 813; x_wconf 79' lang='grc' dir='ltr'><strong>εἷς</strong></span> <span class='ocrx_word' id='word_1_42' title='bbox 834 736 986 824; x_wconf 84' lang='grc' dir='ltr'><strong><em>μάγειρος</em></strong></span> <span class='ocrx_word' id='word_1_43' title='bbox 1003 742 1126 807; x_wconf 91' lang='grc' dir='ltr'><strong><em>πολλῶν</em></strong></span> <span class='ocrx_word' id='word_1_44' title='bbox 1145 765 1227 827; x_wconf 72' lang='grc' dir='ltr'><strong><em>προ·</em></strong></span> 
     </span>
     <span class='ocr_line' id='line_1_7' title="bbox 124 832 1229 924; baseline 0.007 -25"><span class='ocrx_word' id='word_1_45' title='bbox 124 835 232 917; x_wconf 75' lang='grc' dir='ltr'><strong><em>βάτων</em></strong></span> <span class='ocrx_word' id='word_1_46' title='bbox 260 838 375 917; x_wconf 84' lang='grc' dir='ltr'><strong><em>α’γέλας</em></strong></span> <span class='ocrx_word' id='word_1_47' title='bbox 403 832 443 897; x_wconf 89' lang='grc' dir='ltr'><strong>σό</strong></span> <span class='ocrx_word' id='word_1_48' title='bbox 472 836 610 917; x_wconf 87' lang='grc' dir='ltr'><strong><em>δέδοικε,</em></strong></span> <span class='ocrx_word' id='word_1_49' title='bbox 643 838 747 902; x_wconf 80' lang='grc' dir='ltr'><strong><em>ταῦτα</em></strong></span> <span class='ocrx_word' id='word_1_50' title='bbox 775 839 1020 924; x_wconf 85' lang='grc' dir='ltr'><strong><em>διανοησόμενος</em></strong></span> <span class='ocrx_word' id='word_1_51' title='bbox 1051 846 1105 911; x_wconf 85' lang='grc' dir='ltr'><strong><em>καί</em></strong></span> <span class='ocrx_word' id='word_1_52' title='bbox 1130 841 1229 909; x_wconf 83' lang='grc' dir='ltr'><strong><em>εἰπῶν</em></strong></span> 
     </span>
     <span class='ocr_line' id='line_1_8' title="bbox 96 935 1363 1029; baseline 0.004 -25"><span class='ocrx_word' id='word_1_53' title='bbox 96 992 104 1004; x_wconf 91' lang='grc'><strong>.</strong></span> <span class='ocrx_word' id='word_1_54' title='bbox 125 936 243 1021; x_wconf 75' lang='grc' dir='ltr'><strong><em>ἐξῆλθη</em></strong></span> <span class='ocrx_word' id='word_1_55' title='bbox 265 936 334 1017; x_wconf 83' lang='grc' dir='ltr'><strong><em>μετ’</em></strong></span> <span class='ocrx_word' id='word_1_56' title='bbox 356 935 468 1019; x_wconf 89' lang='grc' dir='ltr'><strong><em>όλίγων</em></strong></span> <span class='ocrx_word' id='word_1_57' title='bbox 485 937 548 1000; x_wconf 89' lang='grc' dir='ltr'><strong>τῶν</strong></span> <span class='ocrx_word' id='word_1_58' title='bbox 567 937 819 1020; x_wconf 81' lang='grc' dir='ltr'><strong><em>παρατυχόντων</em></strong></span> <span class='ocrx_word' id='word_1_59' title='bbox 842 940 928 1029; x_wconf 71' lang='lat' dir='ltr'><strong>calepi</strong></span> <span class='ocrx_word' id='word_1_60' title='bbox 947 946 1226 1027; x_wconf 79' lang='grc' dir='ltr'><strong><em>συστρατεύεσθαι.</em></strong></span> <span class='ocrx_word' id='word_1_61' title='bbox 1239 950 1257 1004; x_wconf 86' lang='lat' dir='ltr'><strong>i·</strong></span> <span class='ocrx_word' id='word_1_62' title='bbox 1275 948 1363 1007; x_wconf 79' lang='lat' dir='ltr'><strong>217v·</strong></span> 
     </span>
     <span class='ocr_line' id='line_1_9' title="bbox 125 1034 1228 1135; baseline 0.009 -34"><span class='ocrx_word' id='word_1_63' title='bbox 125 1035 209 1120; x_wconf 80' lang='grc' dir='ltr'><strong><em>ἔχων</em></strong></span> <span class='ocrx_word' id='word_1_64' title='bbox 229 1036 290 1121; x_wconf 82' lang='grc' dir='ltr'><strong>γὰρ</strong></span> <span class='ocrx_word' id='word_1_65' title='bbox 311 1036 370 1122; x_wconf 77' lang='grc' dir='ltr'><strong>τὴν</strong></span> <span class='ocrx_word' id='word_1_66' title='bbox 386 1034 536 1121; x_wconf 86' lang='grc' dir='ltr'><strong><em>τοιαύτην</em></strong></span> <span class='ocrx_word' id='word_1_67' title='bbox 557 1038 726 1122; x_wconf 78' lang='grc' dir='ltr'><strong><em>ἡγεμονίαν</em></strong></span> <span class='ocrx_word' id='word_1_68' title='bbox 741 1040 898 1131; x_wconf 77' lang='grc' dir='ltr'><strong><em>πατρῴαν,</em></strong></span> <span class='ocrx_word' id='word_1_69' title='bbox 920 1044 975 1109; x_wconf 90' lang='grc' dir='ltr'><strong><em>καί</em></strong></span> <span class='ocrx_word' id='word_1_70' title='bbox 997 1048 1041 1133; x_wconf 72' lang='grc' dir='ltr'><strong><em>τῷ</em></strong></span> <span class='ocrx_word' id='word_1_71' title='bbox 1063 1046 1146 1135; x_wconf 80' lang='grc' dir='ltr'><strong><em>ζήλῳ</em></strong></span> <span class='ocrx_word' id='word_1_72' title='bbox 1166 1070 1228 1129; x_wconf 88' lang='grc' dir='ltr'><strong>μσ-</strong></span> 
     </span>
     <span class='ocr_line' id='line_1_10' title="bbox 124 1136 1228 1233; baseline 0.008 -30"><span class='ocrx_word' id='word_1_73' title='bbox 124 1142 256 1221; x_wconf 85' lang='grc' dir='ltr'><strong><em>νονουχί</em></strong></span> <span class='ocrx_word' id='word_1_74' title='bbox 291 1140 566 1224; x_wconf 82' lang='grc' dir='ltr'><strong><em>έκπυρακτωθείς,</em></strong></span> <span class='ocrx_word' id='word_1_75' title='bbox 604 1137 659 1204; x_wconf 89' lang='grc' dir='ltr'><strong><em>καί</em></strong></span> <span class='ocrx_word' id='word_1_76' title='bbox 687 1136 756 1223; x_wconf 83' lang='grc' dir='ltr'><strong>όμα</strong></span> <span class='ocrx_word' id='word_1_77' title='bbox 785 1146 900 1224; x_wconf 85' lang='grc' dir='ltr'><strong><em>μένους</em></strong></span> <span class='ocrx_word' id='word_1_78' title='bbox 933 1149 988 1209; x_wconf 88' lang='grc' dir='ltr'><strong><em>καί</em></strong></span> <span class='ocrx_word' id='word_1_79' title='bbox 1024 1148 1228 1233; x_wconf 81' lang='grc' dir='ltr'><strong><em>φρονήματος</em></strong></span> 
     </span>
    </p>

    <p class='ocr_par' dir='ltr' id='par_1_3' title="bbox 83 1238 1229 1336">
     <span class='ocr_line' id='line_1_11' title="bbox 83 1238 1229 1336; baseline 0.008 -30"><span class='ocrx_word' id='word_1_80' title='bbox 83 1240 272 1324; x_wconf 77' lang='grc' dir='ltr'><strong><em>λθεύγενούς</em></strong></span> <span class='ocrx_word' id='word_1_81' title='bbox 304 1238 556 1324; x_wconf 78' lang='grc' dir='ltr'><strong><em>όκσταμαχήτου</em></strong></span> <span class='ocrx_word' id='word_1_82' title='bbox 580 1246 699 1328; x_wconf 83' lang='grc' dir='ltr'><strong><em>πνέων,</em></strong></span> <span class='ocrx_word' id='word_1_83' title='bbox 732 1242 788 1309; x_wconf 87' lang='grc' dir='ltr'><strong><em>καί</em></strong></span> <span class='ocrx_word' id='word_1_84' title='bbox 807 1250 959 1312; x_wconf 79' lang='grc' dir='ltr'><strong><em>’τοσοῦτον</em></strong></span> <span class='ocrx_word' id='word_1_85' title='bbox 992 1250 1086 1312; x_wconf 85' lang='grc' dir='ltr'><strong><em>νικῶν</em></strong></span> <span class='ocrx_word' id='word_1_86' title='bbox 1107 1250 1151 1336; x_wconf 77' lang='grc' dir='ltr'><strong><em>τῷ</em></strong></span> <span class='ocrx_word' id='word_1_87' title='bbox 1172 1252 1229 1334; x_wconf 78' lang='grc' dir='ltr'><strong><em>τῆς</em></strong></span> 
     </span>
    </p>

    <p class='ocr_par' dir='ltr' id='par_1_4' title="bbox 8 1333 1230 1735">
     <span class='ocr_line' id='line_1_12' title="bbox 8 1333 1228 1435; baseline 0.009 -29"><span class='ocrx_word' id='word_1_88' title='bbox 8 1347 9 1352; x_wconf 74' lang='grc'>’</span> <span class='ocrx_word' id='word_1_89' title='bbox 117 1341 238 1424; x_wconf 19' lang='grc' dir='ltr'><strong><em>Ᾰίσχύος</em></strong></span> <span class='ocrx_word' id='word_1_90' title='bbox 257 1342 411 1426; x_wconf 85' lang='grc' dir='ltr'><strong><em>διόρματι</em></strong></span> <span class='ocrx_word' id='word_1_91' title='bbox 432 1333 505 1407; x_wconf 73' lang='lat' dir='ltr'><strong>daos</strong></span> <span class='ocrx_word' id='word_1_92' title='bbox 526 1338 557 1407; x_wconf 82' lang='grc' dir='ltr'><strong>οἱ</strong></span> <span class='ocrx_word' id='word_1_93' title='bbox 578 1343 784 1427; x_wconf 79' lang='grc' dir='ltr'><strong><em>ἀντικείμενοι</em></strong></span> <span class='ocrx_word' id='word_1_94' title='bbox 800 1349 844 1435; x_wconf 73' lang='grc' dir='ltr'><strong><em>τῷ</em></strong></span> <span class='ocrx_word' id='word_1_95' title='bbox 864 1348 981 1431; x_wconf 81' lang='grc' dir='ltr'><strong><em>πλήθει</em></strong></span> <span class='ocrx_word' id='word_1_96' title='bbox 1000 1348 1055 1412; x_wconf 88' lang='grc' dir='ltr'><strong><em>καί</em></strong></span> <span class='ocrx_word' id='word_1_97' title='bbox 1072 1357 1141 1425; x_wconf 77' lang='grc' dir='ltr'><strong><em>ταῖς</em></strong></span> <span class='ocrx_word' id='word_1_98' title='bbox 1163 1376 1228 1417; x_wconf 86' lang='grc' dir='ltr'><strong><em>τια-</em></strong></span> 
     </span>
     <span class='ocr_line' id='line_1_13' title="bbox 125 1439 1230 1533; baseline 0.005 -24"><span class='ocrx_word' id='word_1_99' title='bbox 125 1443 269 1519; x_wconf 90' lang='grc' dir='ltr'><strong><em>νοπλίαις</em></strong></span> <span class='ocrx_word' id='word_1_100' title='bbox 298 1444 429 1509; x_wconf 74' lang='grc' dir='ltr'><strong><em>ἐδόκουν</em></strong></span> <span class='ocrx_word' id='word_1_101' title='bbox 461 1439 679 1529; x_wconf 78' lang='grc' dir='ltr'><strong><em>άβρύνεσθαι,</em></strong></span> <span class='ocrx_word' id='word_1_102' title='bbox 710 1447 790 1531; x_wconf 90' lang='grc' dir='ltr'><strong><em>πρός</em></strong></span> <span class='ocrx_word' id='word_1_103' title='bbox 812 1446 926 1533; x_wconf 57' lang='grc' dir='ltr'><strong><em>’μάχην</em></strong></span> <span class='ocrx_word' id='word_1_104' title='bbox 957 1450 992 1513; x_wconf 78' lang='grc' dir='ltr'><strong><em>ἐκ</em></strong></span> <span class='ocrx_word' id='word_1_105' title='bbox 1024 1452 1083 1515; x_wconf 83' lang='grc' dir='ltr'><strong><em>τού</em></strong></span> <span class='ocrx_word' id='word_1_106' title='bbox 1115 1444 1230 1528; x_wconf 82' lang='grc' dir='ltr'><strong><em>εύθέος</em></strong></span> 
     </span>
     <span class='ocr_line' id='line_1_14' title="bbox 125 1536 1229 1637; baseline 0.007 -28"><span class='ocrx_word' id='word_1_107' title='bbox 125 1543 236 1621; x_wconf 85' lang='grc' dir='ltr'><strong><em>αότοῖς</em></strong></span> <span class='ocrx_word' id='word_1_108' title='bbox 265 1542 546 1631; x_wconf 83' lang='grc' dir='ltr'><strong><em>άντιπαρετάξατο,</em></strong></span> <span class='ocrx_word' id='word_1_109' title='bbox 571 1543 626 1609; x_wconf 86' lang='grc' dir='ltr'><strong><em>καί</em></strong></span> <span class='ocrx_word' id='word_1_110' title='bbox 643 1546 725 1628; x_wconf 85' lang='grc' dir='ltr'><strong><em>μετά</em></strong></span> <span class='ocrx_word' id='word_1_111' title='bbox 749 1552 867 1634; x_wconf 81' lang='grc' dir='ltr'><strong><em>πολλῆς</em></strong></span> <span class='ocrx_word' id='word_1_112' title='bbox 887 1551 943 1635; x_wconf 78' lang='grc' dir='ltr'><strong><em>τῆς</em></strong></span> <span class='ocrx_word' id='word_1_113' title='bbox 974 1549 1075 1637; x_wconf 82' lang='grc' dir='ltr'><strong><em>ῥύμης</em></strong></span> <span class='ocrx_word' id='word_1_114' title='bbox 1097 1553 1153 1617; x_wconf 91' lang='grc' dir='ltr'><strong><em>κοί</em></strong></span> <span class='ocrx_word' id='word_1_115' title='bbox 1170 1536 1229 1617; x_wconf 78' lang='grc' dir='ltr'><strong><em>τού</em></strong></span> 
     </span>
     <span class='ocr_line' id='line_1_15' title="bbox 126 1642 1229 1735; baseline 0.008 -25"><span class='ocrx_word' id='word_1_116' title='bbox 126 1646 285 1731; x_wconf 83' lang='grc' dir='ltr'><strong><em>α’κρατοός</em></strong></span> <span class='ocrx_word' id='word_1_117' title='bbox 307 1642 440 1733; x_wconf 78' lang='grc' dir='ltr'><strong><em>ῥυτῆρος</em></strong></span> <span class='ocrx_word' id='word_1_118' title='bbox 459 1649 505 1724; x_wconf 85' lang='grc' dir='ltr'><strong>είς</strong></span> <span class='ocrx_word' id='word_1_119' title='bbox 524 1649 641 1728; x_wconf 84' lang='grc' dir='ltr'><strong><em>μέσους</em></strong></span> <span class='ocrx_word' id='word_1_120' title='bbox 661 1648 736 1725; x_wconf 88' lang='grc' dir='ltr'><strong><em>τούς</em></strong></span> <span class='ocrx_word' id='word_1_121' title='bbox 766 1646 1120 1735; x_wconf 76' lang='grc' dir='ltr'><strong><em>πολεμίους’γενόμενος</em></strong></span> <span class='ocrx_word' id='word_1_122' title='bbox 1141 1648 1229 1719; x_wconf 87' lang='grc' dir='ltr'><strong><em>άπαν</em></strong></span> 
     </span>
    </p>

    <p class='ocr_par' dir='ltr' id='par_1_5' title="bbox 5 1746 1253 2348">
     <span class='ocr_line' id='line_1_16' title="bbox 80 1746 1229 1838; baseline 0.005 -25"><span class='ocrx_word' id='word_1_123' title='bbox 80 1761 114 1814; x_wconf 79' lang='lat'><strong>15</strong></span> <span class='ocrx_word' id='word_1_124' title='bbox 124 1748 162 1815; x_wconf 91' lang='grc' dir='ltr'><strong><em>τό</em></strong></span> <span class='ocrx_word' id='word_1_125' title='bbox 184 1751 294 1814; x_wconf 87' lang='grc' dir='ltr'><strong><em>πεδίον</em></strong></span> <span class='ocrx_word' id='word_1_126' title='bbox 320 1746 419 1813; x_wconf 78' lang='grc' dir='ltr'><strong><em>ἐκεῖνο</em></strong></span> <span class='ocrx_word' id='word_1_127' title='bbox 441 1746 596 1831; x_wconf 87' lang='grc' dir='ltr'><strong><em>σωμάτων</em></strong></span> <span class='ocrx_word' id='word_1_128' title='bbox 617 1753 736 1835; x_wconf 88' lang='grc' dir='ltr'><strong><em>νεκρῶν</em></strong></span> <span class='ocrx_word' id='word_1_129' title='bbox 766 1758 1032 1838; x_wconf 83' lang='grc' dir='ltr'><strong><em>κατεσφαγμένων</em></strong></span> <span class='ocrx_word' id='word_1_130' title='bbox 1055 1751 1229 1837; x_wconf 76' lang='grc' dir='ltr'><strong><em>ἐπλήρωσε,</em></strong></span> 
     </span>
     <span class='ocr_line' id='line_1_17' title="bbox 123 1850 1230 1942; baseline 0.004 -29"><span class='ocrx_word' id='word_1_131' title='bbox 123 1851 262 1936; x_wconf 80' lang='grc' dir='ltr'><strong><em>μηδενός</em></strong></span> <span class='ocrx_word' id='word_1_132' title='bbox 289 1851 476 1935; x_wconf 73' lang='grc' dir='ltr'><strong><em>δυνηθέντος</em></strong></span> <span class='ocrx_word' id='word_1_133' title='bbox 493 1850 668 1942; x_wconf 71' lang='grc' dir='ltr'><strong>Δσι’θάνατον</strong></span> <span class='ocrx_word' id='word_1_134' title='bbox 697 1850 817 1937; x_wconf 65' lang='grc' dir='ltr'><strong><em>πληγὴν</em></strong></span> <span class='ocrx_word' id='word_1_135' title='bbox 839 1856 873 1917; x_wconf 85' lang='grc' dir='ltr'><strong><em>έκ</em></strong></span> <span class='ocrx_word' id='word_1_136' title='bbox 893 1856 954 1939; x_wconf 75' lang='grc' dir='ltr'><strong><em>[τῆς</em></strong></span> <span class='ocrx_word' id='word_1_137' title='bbox 982 1852 1098 1918; x_wconf 88' lang='grc' dir='ltr'><strong><em>τούτου</em></strong></span> <span class='ocrx_word' id='word_1_138' title='bbox 1119 1853 1230 1939; x_wconf 88' lang='grc' dir='ltr'><strong><em>χειρός</em></strong></span> 
     </span>
     <span class='ocr_line' id='line_1_18' title="bbox 125 1950 1230 2041; baseline 0.004 -26"><span class='ocrx_word' id='word_1_139' title='bbox 125 1952 372 2034; x_wconf 69' lang='grc' dir='ltr'><strong><em>ἐπενέγκασθαι.</em></strong></span> <span class='ocrx_word' id='word_1_140' title='bbox 415 1950 593 2036; x_wconf 75' lang='grc' dir='ltr'><strong><em>ἕπηρχοντο</em></strong></span> <span class='ocrx_word' id='word_1_141' title='bbox 623 1957 682 2035; x_wconf 78' lang='grc' dir='ltr'><strong><em>μέν</em></strong></span> <span class='ocrx_word' id='word_1_142' title='bbox 709 1950 770 2039; x_wconf 80' lang='grc' dir='ltr'><strong>γάρ</strong></span> <span class='ocrx_word' id='word_1_143' title='bbox 793 1954 881 2041; x_wconf 77' lang='grc' dir='ltr'><strong><em>αύτῷ</em></strong></span> <span class='ocrx_word' id='word_1_144' title='bbox 903 1952 983 2021; x_wconf 85' lang='grc' dir='ltr'><strong><em>κατά</em></strong></span> <span class='ocrx_word' id='word_1_145' title='bbox 1010 1959 1177 2041; x_wconf 82' lang='grc' dir='ltr'><strong><em>φάλαγγας</em></strong></span> <span class='ocrx_word' id='word_1_146' title='bbox 1200 1953 1230 2019; x_wconf 80' lang='grc' dir='ltr'><strong><em>ολ</em></strong></span> 
     </span>
     <span class='ocr_line' id='line_1_19' title="bbox 124 2051 1231 2144; baseline 0.004 -29"><span class='ocrx_word' id='word_1_147' title='bbox 124 2056 272 2133; x_wconf 85' lang='grc' dir='ltr'><strong><em>πολέμιοι</em></strong></span> <span class='ocrx_word' id='word_1_148' title='bbox 294 2051 524 2135; x_wconf 87' lang='grc' dir='ltr'><strong><em>πανταχόθεν,</em></strong></span> <span class='ocrx_word' id='word_1_149' title='bbox 544 2055 736 2144; x_wconf 66' lang='grc' dir='ltr'><strong><em>τρλσῶματι</em></strong></span> <span class='ocrx_word' id='word_1_150' title='bbox 757 2056 867 2121; x_wconf 87' lang='grc' dir='ltr'><strong><em>τούτου</em></strong></span> <span class='ocrx_word' id='word_1_151' title='bbox 894 2054 949 2131; x_wconf 88' lang='grc' dir='ltr'><strong><em>τάς</em></strong></span> <span class='ocrx_word' id='word_1_152' title='bbox 973 2054 1077 2137; x_wconf 83' lang='grc' dir='ltr'><strong><em>άκμός</em></strong></span> <span class='ocrx_word' id='word_1_153' title='bbox 1097 2058 1160 2121; x_wconf 92' lang='grc' dir='ltr'><strong>τῶν</strong></span> <span class='ocrx_word' id='word_1_154' title='bbox 1182 2062 1231 2135; x_wconf 83' lang='grc' dir='ltr'><strong>ξι-</strong></span> 
     </span>
     <span class='ocr_line' id='line_1_20' title="bbox 125 2153 1229 2240; baseline 0.002 -23"><span class='ocrx_word' id='word_1_155' title='bbox 125 2154 197 2240; x_wconf 87' lang='grc' dir='ltr'><strong><em>φῶν</em></strong></span> <span class='ocrx_word' id='word_1_156' title='bbox 218 2153 445 2238; x_wconf 77' lang='grc' dir='ltr'><strong><em>ἐπερείδοντες,</em></strong></span> <span class='ocrx_word' id='word_1_157' title='bbox 468 2156 618 2235; x_wconf 80' lang='grc' dir='ltr'><strong><em>ου’δοιμῶς</em></strong></span> <span class='ocrx_word' id='word_1_158' title='bbox 633 2158 668 2220; x_wconf 80' lang='grc' dir='ltr'><strong>δὲ</strong></span> <span class='ocrx_word' id='word_1_159' title='bbox 688 2160 742 2240; x_wconf 79' lang='grc' dir='ltr'><strong><em>τῆς</em></strong></span> <span class='ocrx_word' id='word_1_160' title='bbox 764 2153 892 2239; x_wconf 82' lang='grc' dir='ltr'><strong><em>ἱππικῆς</em></strong></span> <span class='ocrx_word' id='word_1_161' title='bbox 911 2154 1007 2240; x_wconf 76' lang='grc' dir='ltr'><strong><em>ἕδρας</em></strong></span> <span class='ocrx_word' id='word_1_162' title='bbox 1028 2154 1127 2221; x_wconf 86' lang='grc' dir='ltr'><strong><em>αύτόν</em></strong></span> <span class='ocrx_word' id='word_1_163' title='bbox 1148 2158 1229 2221; x_wconf 86' lang='grc' dir='ltr'><strong><em>α’πο..</em></strong></span> 
     </span>
     <span class='ocr_line' id='line_1_21' title="bbox 5 2252 1253 2348; baseline 0.002 -29"><span class='ocrx_word' id='word_1_164' title='bbox 5 2333 6 2336; x_wconf 9' lang='lat'>¹</span> <span class='ocrx_word' id='word_1_165' title='bbox 76 2254 328 2339; x_wconf 70' lang='lat' dir='ltr'><strong>wapodoccdut</strong></span> <span class='ocrx_word' id='word_1_166' title='bbox 349 2253 478 2338; x_wconf 81' lang='grc' dir='ltr'><strong><em>ἴσχυον·</em></strong></span> <span class='ocrx_word' id='word_1_167' title='bbox 521 2257 603 2321; x_wconf 86' lang='grc' dir='ltr'><strong><em>άλλόι</em></strong></span> <span class='ocrx_word' id='word_1_168' title='bbox 626 2256 779 2346; x_wconf 80' lang='grc' dir='ltr'><strong><em>φασγάνῳ</em></strong></span> <span class='ocrx_word' id='word_1_169' title='bbox 800 2254 839 2321; x_wconf 83' lang='grc' dir='ltr'><strong><em>τά</em></strong></span> <span class='ocrx_word' id='word_1_170' title='bbox 863 2254 982 2341; x_wconf 89' lang='grc' dir='ltr'><strong><em>δόρατα</em></strong></span> <span class='ocrx_word' id='word_1_171' title='bbox 1007 2252 1123 2322; x_wconf 91' lang='grc' dir='ltr'><strong><em>τούτων</em></strong></span> <span class='ocrx_word' id='word_1_172' title='bbox 1146 2258 1253 2348; x_wconf 82' lang='grc' dir='ltr'><strong><em>άπο-·</em></strong></span> 
     </span>
    </p>

    <p class='ocr_par' dir='ltr' id='par_1_6' title="bbox 5 2347 1231 2762">
     <span class='ocr_line' id='line_1_22' title="bbox 5 2347 1229 2443; baseline 0.002 -21"><span class='ocrx_word' id='word_1_173' title='bbox 5 2347 6 2370; x_wconf 18' lang='grc' dir='ltr'>ἦ</span> <span class='ocrx_word' id='word_1_174' title='bbox 126 2359 251 2438; x_wconf 84' lang='grc' dir='ltr'><strong><em>τέμνων</em></strong></span> <span class='ocrx_word' id='word_1_175' title='bbox 280 2353 337 2421; x_wconf 86' lang='grc' dir='ltr'><strong><em>καί</em></strong></span> <span class='ocrx_word' id='word_1_176' title='bbox 355 2353 412 2432; x_wconf 85' lang='grc' dir='ltr'><strong><em>τάς</em></strong></span> <span class='ocrx_word' id='word_1_177' title='bbox 431 2356 606 2443; x_wconf 84' lang='grc' dir='ltr'><strong><em>σαρίσσας,</em></strong></span> <span class='ocrx_word' id='word_1_178' title='bbox 639 2354 721 2424; x_wconf 88' lang='grc' dir='ltr'><strong><em>ούιω</em></strong></span> <span class='ocrx_word' id='word_1_179' title='bbox 742 2356 817 2434; x_wconf 80' lang='grc' dir='ltr'><strong><em>τούς</em></strong></span> <span class='ocrx_word' id='word_1_180' title='bbox 840 2352 1060 2443; x_wconf 83' lang='grc' dir='ltr'><strong><em>πολεμήτοροις</em></strong></span> <span class='ocrx_word' id='word_1_181' title='bbox 1082 2354 1145 2422; x_wconf 71' lang='lat' dir='ltr'><strong>dud</strong></span> <span class='ocrx_word' id='word_1_182' title='bbox 1170 2360 1229 2441; x_wconf 80' lang='grc' dir='ltr'><strong><em>γῆν</em></strong></span> 
     </span>
     <span class='ocr_line' id='line_1_23' title="bbox 125 2450 1231 2548; baseline 0.001 -26"><span class='ocrx_word' id='word_1_183' title='bbox 125 2458 363 2547; x_wconf 76' lang='grc' dir='ltr'><strong><em>κατηκόντιζεν,</em></strong></span> <span class='ocrx_word' id='word_1_184' title='bbox 390 2450 429 2522; x_wconf 76' lang='grc' dir='ltr'><strong>οὗ</strong></span> <span class='ocrx_word' id='word_1_185' title='bbox 451 2461 510 2540; x_wconf 83' lang='grc' dir='ltr'><strong><em>μέν</em></strong></span> <span class='ocrx_word' id='word_1_186' title='bbox 539 2461 682 2546; x_wconf 77' lang='grc' dir='ltr'><strong><em>κεφαλὴν</em></strong></span> <span class='ocrx_word' id='word_1_187' title='bbox 713 2462 748 2523; x_wconf 78' lang='grc' dir='ltr'><strong><em>ἐν</em></strong></span> <span class='ocrx_word' id='word_1_188' title='bbox 769 2462 830 2548; x_wconf 72' lang='lat' dir='ltr'><strong>pagi</strong></span> <span class='ocrx_word' id='word_1_189' title='bbox 859 2459 962 2546; x_wconf 80' lang='grc' dir='ltr'><strong><em>πληγῇ</em></strong></span> <span class='ocrx_word' id='word_1_190' title='bbox 991 2455 1050 2524; x_wconf 87' lang='grc' dir='ltr'><strong><em>σύν</em></strong></span> <span class='ocrx_word' id='word_1_191' title='bbox 1078 2461 1115 2546; x_wconf 80' lang='grc' dir='ltr'><strong><em>τῇ</em></strong></span> <span class='ocrx_word' id='word_1_192' title='bbox 1143 2457 1231 2544; x_wconf 83' lang='grc' dir='ltr'><strong><em>χειρί</em></strong></span> 
     </span>
     <span class='ocr_line' id='line_1_24' title="bbox 123 2551 1231 2645; baseline -0.003 -21"><span class='ocrx_word' id='word_1_193' title='bbox 123 2561 318 2641; x_wconf 85' lang='grc' dir='ltr'><strong><em>διατέμνων,</em></strong></span> <span class='ocrx_word' id='word_1_194' title='bbox 339 2551 434 2625; x_wconf 78' lang='grc' dir='ltr'><strong><em>άλλον</em></strong></span> <span class='ocrx_word' id='word_1_195' title='bbox 456 2560 492 2624; x_wconf 78' lang='grc' dir='ltr'><strong>δέ</strong></span> <span class='ocrx_word' id='word_1_196' title='bbox 514 2559 665 2627; x_wconf 85' lang='grc' dir='ltr'><strong><em>δεικνύων</em></strong></span> <span class='ocrx_word' id='word_1_197' title='bbox 686 2557 861 2645; x_wconf 76' lang='grc' dir='ltr'><strong><em>ἡμίτομον,</em></strong></span> <span class='ocrx_word' id='word_1_198' title='bbox 880 2555 936 2624; x_wconf 89' lang='grc' dir='ltr'><strong>τόν</strong></span> <span class='ocrx_word' id='word_1_199' title='bbox 962 2556 1072 2623; x_wconf 80' lang='grc' dir='ltr'><strong><em>δὲκαὶ</em></strong></span> <span class='ocrx_word' id='word_1_200' title='bbox 1092 2579 1231 2642; x_wconf 81' lang='grc' dir='ltr'><strong><em>καρατο-</em></strong></span> 
     </span>
     <span class='ocr_line' id='line_1_25' title="bbox 123 2657 1230 2762; baseline 0 -38"><span class='ocrx_word' id='word_1_201' title='bbox 123 2662 207 2744; x_wconf 86' lang='grc' dir='ltr'><strong><em>μῶν,</em></strong></span> <span class='ocrx_word' id='word_1_202' title='bbox 228 2658 283 2726; x_wconf 85' lang='grc' dir='ltr'><strong><em>καί</em></strong></span> <span class='ocrx_word' id='word_1_203' title='bbox 302 2665 431 2748; x_wconf 84' lang='grc' dir='ltr'><strong><em>μυρίοις</em></strong></span> <span class='ocrx_word' id='word_1_204' title='bbox 452 2658 551 2728; x_wconf 79' lang='grc' dir='ltr'><strong><em>εἴδεσι</em></strong></span> <span class='ocrx_word' id='word_1_205' title='bbox 573 2666 699 2748; x_wconf 85' lang='grc' dir='ltr'><strong><em>πληγῶν</em></strong></span> <span class='ocrx_word' id='word_1_206' title='bbox 725 2660 952 2762; x_wconf 67' lang='grc' dir='ltr'><strong><em>καταστρέφων</em></strong></span> <span class='ocrx_word' id='word_1_207' title='bbox 973 2663 1028 2727; x_wconf 87' lang='grc' dir='ltr'><strong><em>καί</em></strong></span> <span class='ocrx_word' id='word_1_208' title='bbox 1049 2657 1230 2752; x_wconf 76' lang='grc' dir='ltr'><strong><em>καταπλάτ-</em></strong></span> 
     </span>
    </p>
   </div>
   <div class='ocr_carea' id='block_1_2' title="bbox 5 2957 1307 4176">
    <p class='ocr_par' dir='ltr' id='par_1_7' title="bbox 5 2957 1307 4176">
     <span class='ocr_line' id='line_1_26' title="bbox 125 2957 1232 3028; baseline -0.001 -17"><span class='ocrx_word' id='word_1_209' title='bbox 125 2959 237 3012; x_wconf 82' lang='lat' dir='ltr'><strong>faetnm.</strong></span> <span class='ocrx_word' id='word_1_210' title='bbox 275 2970 335 3008; x_wconf 88' lang='lat' dir='ltr'><strong>cnm</strong></span> <span class='ocrx_word' id='word_1_211' title='bbox 362 2957 432 3008; x_wconf 88' lang='lat' dir='ltr'><strong>enirn</strong></span> <span class='ocrx_word' id='word_1_212' title='bbox 456 2957 597 3011; x_wconf 90' lang='lat' dir='ltr'><strong>multitudo</strong></span> <span class='ocrx_word' id='word_1_213' title='bbox 617 2958 712 3026; x_wconf 88' lang='lat' dir='ltr'><strong>ingens</strong></span> <span class='ocrx_word' id='word_1_214' title='bbox 730 2959 907 3028; x_wconf 80' lang='lat' dir='ltr'><strong>bulgarorum</strong></span> <span class='ocrx_word' id='word_1_215' title='bbox 935 2958 1128 3027; x_wconf 70' lang='lat' dir='ltr'><strong>aggrederetur</strong></span> <span class='ocrx_word' id='word_1_216' title='bbox 1146 2957 1232 3010; x_wconf 87' lang='lat' dir='ltr'><strong>Thes-</strong></span> 
     </span>
     <span class='ocr_line' id='line_1_27' title="bbox 126 3028 1232 3097; baseline -0.005 -12"><span class='ocrx_word' id='word_1_217' title='bbox 126 3028 339 3085; x_wconf 82' lang='lat' dir='ltr'><strong>salonicensium</strong></span> <span class='ocrx_word' id='word_1_218' title='bbox 365 3029 546 3096; x_wconf 78' lang='lat' dir='ltr'><strong>metropolin,</strong></span> <span class='ocrx_word' id='word_1_219' title='bbox 571 3045 625 3081; x_wconf 88' lang='lat' dir='ltr'><strong>non</strong></span> <span class='ocrx_word' id='word_1_220' title='bbox 644 3030 759 3097; x_wconf 81' lang='lat' dir='ltr'><strong>afflictus</strong></span> <span class='ocrx_word' id='word_1_221' title='bbox 783 3038 823 3083; x_wconf 86' lang='lat' dir='ltr'><strong>est</strong></span> <span class='ocrx_word' id='word_1_222' title='bbox 844 3030 941 3083; x_wconf 88' lang='lat' dir='ltr'><strong>talibus</strong></span> <span class='ocrx_word' id='word_1_223' title='bbox 962 3045 1053 3082; x_wconf 87' lang='lat' dir='ltr'><strong>eorum</strong></span> <span class='ocrx_word' id='word_1_224' title='bbox 1072 3028 1184 3092; x_wconf 85' lang='lat' dir='ltr'><strong>viribus,</strong></span> <span class='ocrx_word' id='word_1_225' title='bbox 1205 3035 1232 3079; x_wconf 90' lang='lat' dir='ltr'><strong>et</strong></span> 
     </span>
     <span class='ocr_line' id='line_1_28' title="bbox 125 3100 1231 3170; baseline -0.004 -16"><span class='ocrx_word' id='word_1_226' title='bbox 125 3105 200 3154; x_wconf 79' lang='lat' dir='ltr'><strong>intra</strong></span> <span class='ocrx_word' id='word_1_227' title='bbox 217 3116 307 3152; x_wconf 88' lang='lat' dir='ltr'><strong>muros</strong></span> <span class='ocrx_word' id='word_1_228' title='bbox 327 3115 357 3153; x_wconf 91' lang='lat' dir='ltr'><strong>se</strong></span> <span class='ocrx_word' id='word_1_229' title='bbox 376 3102 521 3153; x_wconf 86' lang='lat' dir='ltr'><strong>constituit.</strong></span> <span class='ocrx_word' id='word_1_230' title='bbox 559 3102 606 3154; x_wconf 90' lang='lat' dir='ltr'><strong>sed</strong></span> <span class='ocrx_word' id='word_1_231' title='bbox 620 3101 710 3170; x_wconf 83' lang='lat' dir='ltr'><strong>qualia</strong></span> <span class='ocrx_word' id='word_1_232' title='bbox 728 3103 803 3154; x_wconf 83' lang='lat' dir='ltr'><strong>aiunt</strong></span> <span class='ocrx_word' id='word_1_233' title='bbox 825 3101 924 3154; x_wconf 81' lang='lat' dir='ltr'>dixisse</span> <span class='ocrx_word' id='word_1_234' title='bbox 942 3102 1028 3168; x_wconf 86' lang='lat' dir='ltr'><strong>ipsum</strong></span> <span class='ocrx_word' id='word_1_235' title='bbox 1040 3100 1231 3164; x_wconf 80' lang='lat' dir='ltr'><strong>Alexandrum,</strong></span> 
     </span>
     <span class='ocr_line' id='line_1_29' title="bbox 126 3171 1231 3242; baseline -0.005 -17"><span class='ocrx_word' id='word_1_236' title='bbox 126 3189 212 3225; x_wconf 82' lang='lat' dir='ltr'><strong>anum</strong></span> <span class='ocrx_word' id='word_1_237' title='bbox 229 3174 352 3224; x_wconf 88' lang='lat' dir='ltr'><strong>nimirum</strong></span> <span class='ocrx_word' id='word_1_238' title='bbox 371 3171 471 3223; x_wconf 88' lang='lat' dir='ltr'><strong>lenium</strong></span> <span class='ocrx_word' id='word_1_239' title='bbox 497 3173 637 3225; x_wconf 90' lang='lat' dir='ltr'><strong>multarum</strong></span> <span class='ocrx_word' id='word_1_240' title='bbox 663 3175 754 3225; x_wconf 84' lang='lat' dir='ltr'><strong>ovium</strong></span> <span class='ocrx_word' id='word_1_241' title='bbox 773 3189 871 3242; x_wconf 85' lang='lat' dir='ltr'><strong>greges</strong></span> <span class='ocrx_word' id='word_1_242' title='bbox 895 3187 950 3224; x_wconf 86' lang='lat' dir='ltr'><strong>non</strong></span> <span class='ocrx_word' id='word_1_243' title='bbox 968 3174 1077 3236; x_wconf 85' lang='lat' dir='ltr'><strong>timere,</strong></span> <span class='ocrx_word' id='word_1_244' title='bbox 1097 3171 1165 3223; x_wconf 88' lang='lat' dir='ltr'><strong>haec</strong></span> <span class='ocrx_word' id='word_1_245' title='bbox 1184 3186 1231 3222; x_wconf 85' lang='lat' dir='ltr'><strong>re.</strong></span> 
     </span>
     <span class='ocr_line' id='line_1_30' title="bbox 126 3243 1232 3314; baseline -0.004 -16"><span class='ocrx_word' id='word_1_246' title='bbox 126 3253 226 3314; x_wconf 83' lang='lat' dir='ltr'><strong>putans</strong></span> <span class='ocrx_word' id='word_1_247' title='bbox 246 3253 274 3296; x_wconf 88' lang='lat' dir='ltr'><strong>et</strong></span> <span class='ocrx_word' id='word_1_248' title='bbox 291 3245 466 3312; x_wconf 75' lang='lat' dir='ltr'><strong>pronuntians</strong></span> <span class='ocrx_word' id='word_1_249' title='bbox 486 3261 610 3314; x_wconf 86' lang='lat' dir='ltr'><strong>egressus</strong></span> <span class='ocrx_word' id='word_1_250' title='bbox 630 3254 671 3297; x_wconf 89' lang='lat' dir='ltr'><strong>est</strong></span> <span class='ocrx_word' id='word_1_251' title='bbox 689 3261 748 3296; x_wconf 92' lang='lat' dir='ltr'><strong>cum</strong></span> <span class='ocrx_word' id='word_1_252' title='bbox 770 3246 862 3312; x_wconf 86' lang='lat' dir='ltr'><strong>paucis</strong></span> <span class='ocrx_word' id='word_1_253' title='bbox 884 3247 928 3312; x_wconf 92' lang='lat' dir='ltr'><strong>qui</strong></span> <span class='ocrx_word' id='word_1_254' title='bbox 948 3244 1018 3306; x_wconf 74' lang='lat' dir='ltr'><strong>sorte</strong></span> <span class='ocrx_word' id='word_1_255' title='bbox 1038 3244 1143 3294; x_wconf 87' lang='lat' dir='ltr'><strong>fortuna</strong></span> <span class='ocrx_word' id='word_1_256' title='bbox 1162 3243 1232 3308; x_wconf 87' lang='lat' dir='ltr'><strong>apud</strong></span> 
     </span>
     <span class='ocr_line' id='line_1_31' title="bbox 128 3315 1230 3386; baseline -0.007 -16"><span class='ocrx_word' id='word_1_257' title='bbox 128 3333 192 3370; x_wconf 88' lang='lat' dir='ltr'><strong>eum</strong></span> <span class='ocrx_word' id='word_1_258' title='bbox 211 3325 295 3369; x_wconf 67' lang='lat' dir='ltr'><strong>mant.</strong></span> <span class='ocrx_word' id='word_1_259' title='bbox 316 3315 417 3367; x_wconf 90' lang='lat' dir='ltr'><strong>habens</strong></span> <span class='ocrx_word' id='word_1_260' title='bbox 435 3318 505 3368; x_wconf 89' lang='lat' dir='ltr'><strong>enim</strong></span> <span class='ocrx_word' id='word_1_261' title='bbox 523 3317 578 3368; x_wconf 86' lang='lat' dir='ltr'><strong>tale</strong></span> <span class='ocrx_word' id='word_1_262' title='bbox 596 3318 734 3384; x_wconf 86' lang='lat' dir='ltr'><strong>imperium</strong></span> <span class='ocrx_word' id='word_1_263' title='bbox 753 3326 893 3386; x_wconf 89' lang='lat' dir='ltr'><strong>paternum</strong></span> <span class='ocrx_word' id='word_1_264' title='bbox 913 3325 939 3368; x_wconf 92' lang='lat' dir='ltr'><strong>et</strong></span> <span class='ocrx_word' id='word_1_265' title='bbox 952 3316 1039 3370; x_wconf 90' lang='lat' dir='ltr'><strong>studio</strong></span> <span class='ocrx_word' id='word_1_266' title='bbox 1059 3329 1144 3382; x_wconf 89' lang='lat' dir='ltr'><strong>paene</strong></span> <span class='ocrx_word' id='word_1_267' title='bbox 1163 3327 1230 3365; x_wconf 92' lang='lat' dir='ltr'><strong>con.</strong></span> 
     </span>
     <span class='ocr_line' id='line_1_32' title="bbox 128 3387 1231 3455; baseline -0.004 -13"><span class='ocrx_word' id='word_1_268' title='bbox 128 3397 264 3442; x_wconf 83' lang='lat' dir='ltr'><strong>crematus</strong></span> <span class='ocrx_word' id='word_1_269' title='bbox 287 3387 419 3455; x_wconf 88' lang='lat' dir='ltr'><strong>simulque</strong></span> <span class='ocrx_word' id='word_1_270' title='bbox 440 3388 576 3441; x_wconf 86' lang='lat' dir='ltr'><strong>audaciam</strong></span> <span class='ocrx_word' id='word_1_271' title='bbox 597 3397 624 3440; x_wconf 90' lang='lat' dir='ltr'><strong>et</strong></span> <span class='ocrx_word' id='word_1_272' title='bbox 642 3391 757 3441; x_wconf 90' lang='lat' dir='ltr'><strong>animum</strong></span> <span class='ocrx_word' id='word_1_273' title='bbox 776 3389 895 3441; x_wconf 90' lang='lat' dir='ltr'><strong>nobilem</strong></span> <span class='ocrx_word' id='word_1_274' title='bbox 913 3390 1097 3455; x_wconf 86' lang='lat' dir='ltr'><strong>invictumque</strong></span> <span class='ocrx_word' id='word_1_275' title='bbox 1125 3387 1231 3452; x_wconf 81' lang='lat' dir='ltr'><strong>spirans</strong></span> 
     </span>
     <span class='ocr_line' id='line_1_33' title="bbox 128 3457 1233 3530; baseline -0.006 -15"><span class='ocrx_word' id='word_1_276' title='bbox 128 3469 277 3515; x_wconf 77' lang='lat' dir='ltr'><strong>attentum</strong></span> <span class='ocrx_word' id='word_1_277' title='bbox 295 3461 418 3526; x_wconf 82' lang='lat' dir='ltr'><strong>superior</strong></span> <span class='ocrx_word' id='word_1_278' title='bbox 435 3461 540 3513; x_wconf 88' lang='lat' dir='ltr'><strong>roboris</strong></span> <span class='ocrx_word' id='word_1_279' title='bbox 559 3463 696 3512; x_wconf 78' lang='lat' dir='ltr'><strong>erectione</strong></span> <span class='ocrx_word' id='word_1_280' title='bbox 715 3470 840 3530; x_wconf 88' lang='lat' dir='ltr'><strong>quantum</strong></span> <span class='ocrx_word' id='word_1_281' title='bbox 860 3461 1006 3513; x_wconf 82' lang='lat' dir='ltr'><strong>adversarii</strong></span> <span class='ocrx_word' id='word_1_282' title='bbox 1018 3457 1186 3530; x_wconf 88' lang='lat' dir='ltr'><strong>multitudine</strong></span> <span class='ocrx_word' id='word_1_283' title='bbox 1206 3465 1233 3508; x_wconf 90' lang='lat' dir='ltr'><strong>et</strong></span> 
     </span>
     <span class='ocr_line' id='line_1_34' title="bbox 128 3530 1231 3602; baseline -0.006 -16"><span class='ocrx_word' id='word_1_284' title='bbox 128 3540 264 3586; x_wconf 86' lang='lat' dir='ltr'><strong>armatura</strong></span> <span class='ocrx_word' id='word_1_285' title='bbox 283 3531 441 3584; x_wconf 85' lang='lat' dir='ltr'><strong>videbantur</strong></span> <span class='ocrx_word' id='word_1_286' title='bbox 459 3532 609 3600; x_wconf 77' lang='lat' dir='ltr'><strong>superbire,</strong></span> <span class='ocrx_word' id='word_1_287' title='bbox 630 3534 663 3584; x_wconf 89' lang='lat' dir='ltr'><strong>ad</strong></span> <span class='ocrx_word' id='word_1_288' title='bbox 682 3549 797 3602; x_wconf 87' lang='lat' dir='ltr'><strong>pugnam</strong></span> <span class='ocrx_word' id='word_1_289' title='bbox 815 3533 902 3599; x_wconf 88' lang='lat' dir='ltr'><strong>palam</strong></span> <span class='ocrx_word' id='word_1_290' title='bbox 921 3533 954 3584; x_wconf 89' lang='lat' dir='ltr'><strong>iis</strong></span> <span class='ocrx_word' id='word_1_291' title='bbox 981 3530 1173 3598; x_wconf 81' lang='lat' dir='ltr'><strong>seopposnit,</strong></span> <span class='ocrx_word' id='word_1_292' title='bbox 1204 3536 1231 3580; x_wconf 91' lang='lat' dir='ltr'><strong>et</strong></span> 
     </span>
     <span class='ocr_line' id='line_1_35' title="bbox 128 3601 1232 3675; baseline -0.007 -20"><span class='ocrx_word' id='word_1_293' title='bbox 128 3612 270 3675; x_wconf 79' lang='lat' dir='ltr'><strong>postquam</strong></span> <span class='ocrx_word' id='word_1_294' title='bbox 289 3603 371 3655; x_wconf 89' lang='lat' dir='ltr'><strong>multo</strong></span> <span class='ocrx_word' id='word_1_295' title='bbox 391 3621 451 3655; x_wconf 88' lang='lat' dir='ltr'><strong>cum</strong></span> <span class='ocrx_word' id='word_1_296' title='bbox 469 3607 569 3670; x_wconf 88' lang='lat' dir='ltr'><strong>impetu</strong></span> <span class='ocrx_word' id='word_1_297' title='bbox 589 3613 616 3656; x_wconf 88' lang='lat' dir='ltr'><strong>et</strong></span> <span class='ocrx_word' id='word_1_298' title='bbox 633 3606 807 3657; x_wconf 86' lang='lat' dir='ltr'><strong>immoderato</strong></span> <span class='ocrx_word' id='word_1_299' title='bbox 826 3606 902 3657; x_wconf 84' lang='lat' dir='ltr'><strong>freno</strong></span> <span class='ocrx_word' id='word_1_300' title='bbox 922 3605 948 3655; x_wconf 94' lang='lat' dir='ltr'><strong>in</strong></span> <span class='ocrx_word' id='word_1_301' title='bbox 961 3604 1062 3655; x_wconf 89' lang='lat' dir='ltr'><strong>medios</strong></span> <span class='ocrx_word' id='word_1_302' title='bbox 1081 3601 1173 3654; x_wconf 89' lang='lat' dir='ltr'><strong>hostes</strong></span> <span class='ocrx_word' id='word_1_303' title='bbox 1191 3601 1232 3651; x_wconf 89' lang='lat' dir='ltr'><strong>ir.</strong></span> 
     </span>
     <span class='ocr_line' id='line_1_36' title="bbox 129 3675 1231 3744; baseline -0.007 -14"><span class='ocrx_word' id='word_1_304' title='bbox 129 3678 214 3744; x_wconf 87' lang='lat' dir='ltr'><strong>rupit,</strong></span> <span class='ocrx_word' id='word_1_305' title='bbox 232 3684 317 3728; x_wconf 90' lang='lat' dir='ltr'><strong>totum</strong></span> <span class='ocrx_word' id='word_1_306' title='bbox 336 3691 456 3743; x_wconf 88' lang='lat' dir='ltr'><strong>campum</strong></span> <span class='ocrx_word' id='word_1_307' title='bbox 474 3675 550 3727; x_wconf 88' lang='lat' dir='ltr'><strong>illurn</strong></span> <span class='ocrx_word' id='word_1_308' title='bbox 573 3677 747 3729; x_wconf 84' lang='lat' dir='ltr'><strong>cadaveribus</strong></span> <span class='ocrx_word' id='word_1_309' title='bbox 766 3679 915 3729; x_wconf 86' lang='lat' dir='ltr'><strong>occisorum</strong></span> <span class='ocrx_word' id='word_1_310' title='bbox 933 3675 1065 3744; x_wconf 88' lang='lat' dir='ltr'><strong>implevit,</strong></span> <span class='ocrx_word' id='word_1_311' title='bbox 1086 3687 1231 3726; x_wconf 88' lang='lat' dir='ltr'><strong>cumnemo</strong></span> 
     </span>
     <span class='ocr_line' id='line_1_37' title="bbox 5 3745 1232 3816; baseline -0.002 -19"><span class='ocrx_word' id='word_1_312' title='bbox 5 3774 6 3797; x_wconf 71' lang='grc'>;</span> <span class='ocrx_word' id='word_1_313' title='bbox 94 3796 96 3799; x_wconf 96' lang='grc'>.</span> <span class='ocrx_word' id='word_1_314' title='bbox 129 3748 241 3803; x_wconf 82' lang='lat' dir='ltr'><strong>valeret</strong></span> <span class='ocrx_word' id='word_1_315' title='bbox 259 3750 395 3816; x_wconf 88' lang='lat' dir='ltr'><strong>ingentem</strong></span> <span class='ocrx_word' id='word_1_316' title='bbox 421 3750 502 3798; x_wconf 89' lang='lat' dir='ltr'><strong>ictum</strong></span> <span class='ocrx_word' id='word_1_317' title='bbox 522 3765 555 3799; x_wconf 83' lang='lat' dir='ltr'><strong>ex</strong></span> <span class='ocrx_word' id='word_1_318' title='bbox 582 3749 660 3800; x_wconf 88' lang='lat' dir='ltr'><strong>huius</strong></span> <span class='ocrx_word' id='word_1_319' title='bbox 679 3765 759 3800; x_wconf 91' lang='lat' dir='ltr'><strong>manu</strong></span> <span class='ocrx_word' id='word_1_320' title='bbox 781 3751 861 3800; x_wconf 84' lang='lat' dir='ltr'><strong>serre.</strong></span> <span class='ocrx_word' id='word_1_321' title='bbox 906 3747 1086 3798; x_wconf 86' lang='lat' dir='ltr'><strong>obveniebant</strong></span> <span class='ocrx_word' id='word_1_322' title='bbox 1112 3747 1181 3796; x_wconf 90' lang='lat' dir='ltr'><strong>enim</strong></span> <span class='ocrx_word' id='word_1_323' title='bbox 1207 3745 1232 3795; x_wconf 87' lang='lat' dir='ltr'><strong>ei</strong></span> 
     </span>
     <span class='ocr_line' id='line_1_38' title="bbox 130 3817 1232 3889; baseline -0.011 -14"><span class='ocrx_word' id='word_1_324' title='bbox 130 3820 278 3875; x_wconf 86' lang='lat' dir='ltr'><strong>secundnm</strong></span> <span class='ocrx_word' id='word_1_325' title='bbox 298 3818 445 3888; x_wconf 79' lang='lat' dir='ltr'><strong>phalanges</strong></span> <span class='ocrx_word' id='word_1_326' title='bbox 464 3819 555 3872; x_wconf 89' lang='lat' dir='ltr'><strong>hostes</strong></span> <span class='ocrx_word' id='word_1_327' title='bbox 573 3822 690 3889; x_wconf 89' lang='lat' dir='ltr'><strong>undique</strong></span> <span class='ocrx_word' id='word_1_328' title='bbox 710 3835 806 3886; x_wconf 86' lang='lat' dir='ltr'><strong>eorpus</strong></span> <span class='ocrx_word' id='word_1_329' title='bbox 826 3821 904 3871; x_wconf 86' lang='lat' dir='ltr'><strong>huius</strong></span> <span class='ocrx_word' id='word_1_330' title='bbox 924 3820 982 3870; x_wconf 90' lang='lat' dir='ltr'><strong>acic</strong></span> <span class='ocrx_word' id='word_1_331' title='bbox 1008 3817 1157 3886; x_wconf 88' lang='lat' dir='ltr'><strong>gladiorum</strong></span> <span class='ocrx_word' id='word_1_332' title='bbox 1180 3830 1232 3882; x_wconf 89' lang='lat' dir='ltr'><strong>pe.</strong></span> 
     </span>
     <span class='ocr_line' id='line_1_39' title="bbox 131 3887 1233 3960; baseline -0.006 -15"><span class='ocrx_word' id='word_1_333' title='bbox 131 3901 232 3956; x_wconf 84' lang='lat' dir='ltr'><strong>tentes,</strong></span> <span class='ocrx_word' id='word_1_334' title='bbox 251 3907 418 3959; x_wconf 84' lang='lat' dir='ltr'><strong>nequaquam</strong></span> <span class='ocrx_word' id='word_1_335' title='bbox 436 3900 523 3942; x_wconf 87' lang='lat' dir='ltr'><strong>autern</strong></span> <span class='ocrx_word' id='word_1_336' title='bbox 549 3908 582 3943; x_wconf 85' lang='lat' dir='ltr'><strong>ex</strong></span> <span class='ocrx_word' id='word_1_337' title='bbox 607 3893 668 3960; x_wconf 89' lang='lat' dir='ltr'><strong>equi</strong></span> <span class='ocrx_word' id='word_1_338' title='bbox 694 3891 758 3944; x_wconf 88' lang='lat' dir='ltr'><strong>sede</strong></span> <span class='ocrx_word' id='word_1_339' title='bbox 785 3907 844 3942; x_wconf 88' lang='lat' dir='ltr'><strong>eum</strong></span> <span class='ocrx_word' id='word_1_340' title='bbox 872 3889 994 3957; x_wconf 84' lang='lat' dir='ltr'><strong>affligere</strong></span> <span class='ocrx_word' id='word_1_341' title='bbox 1019 3887 1162 3940; x_wconf 81' lang='lat' dir='ltr'><strong>valebant:</strong></span> <span class='ocrx_word' id='word_1_342' title='bbox 1186 3887 1233 3938; x_wconf 86' lang='lat' dir='ltr'><strong>sed</strong></span> 
     </span>
     <span class='ocr_line' id='line_1_40' title="bbox 134 3959 1307 4031; baseline -0.007 -15"><span class='ocrx_word' id='word_1_343' title='bbox 134 3980 201 4016; x_wconf 88' lang='lat' dir='ltr'><strong>ense</strong></span> <span class='ocrx_word' id='word_1_344' title='bbox 227 3963 336 4015; x_wconf 89' lang='lat' dir='ltr'><strong>lanceas</strong></span> <span class='ocrx_word' id='word_1_345' title='bbox 360 3962 453 4015; x_wconf 87' lang='lat' dir='ltr'><strong>horum</strong></span> <span class='ocrx_word' id='word_1_346' title='bbox 478 3960 636 4031; x_wconf 86' lang='lat' dir='ltr'><strong>praecidens</strong></span> <span class='ocrx_word' id='word_1_347' title='bbox 663 3972 689 4015; x_wconf 89' lang='lat' dir='ltr'><strong>et</strong></span> <span class='ocrx_word' id='word_1_348' title='bbox 715 3964 839 4026; x_wconf 83' lang='lat' dir='ltr'><strong>sarissas,</strong></span> <span class='ocrx_word' id='word_1_349' title='bbox 861 3963 898 4012; x_wconf 92' lang='lat' dir='ltr'><strong>ita</strong></span> <span class='ocrx_word' id='word_1_350' title='bbox 921 3960 1055 4012; x_wconf 81' lang='lat' dir='ltr'><strong>bellantes</strong></span> <span class='ocrx_word' id='word_1_351' title='bbox 1081 3959 1108 4028; x_wconf 84' lang='lat' dir='ltr'><strong>in</strong></span> <span class='ocrx_word' id='word_1_352' title='bbox 1134 3967 1231 4010; x_wconf 82' lang='lat' dir='ltr'><strong>terram</strong></span> <span class='ocrx_word' id='word_1_353' title='bbox 1304 3993 1307 4000; x_wconf 82' lang='lat'>·</span> 
     </span>
     <span class='ocr_line' id='line_1_41' title="bbox 133 4031 1231 4104; baseline -0.006 -17"><span class='ocrx_word' id='word_1_354' title='bbox 133 4037 291 4104; x_wconf 85' lang='lat' dir='ltr'><strong>prostravit,</strong></span> <span class='ocrx_word' id='word_1_355' title='bbox 310 4034 378 4087; x_wconf 89' lang='lat' dir='ltr'><strong>alius</strong></span> <span class='ocrx_word' id='word_1_356' title='bbox 398 4043 477 4103; x_wconf 86' lang='lat' dir='ltr'><strong>caput</strong></span> <span class='ocrx_word' id='word_1_357' title='bbox 496 4051 548 4087; x_wconf 89' lang='lat' dir='ltr'><strong>uno</strong></span> <span class='ocrx_word' id='word_1_358' title='bbox 567 4038 623 4088; x_wconf 85' lang='lat' dir='ltr'><strong>ictu</strong></span> <span class='ocrx_word' id='word_1_359' title='bbox 642 4052 701 4087; x_wconf 88' lang='lat' dir='ltr'><strong>cum</strong></span> <span class='ocrx_word' id='word_1_360' title='bbox 729 4050 808 4087; x_wconf 88' lang='lat' dir='ltr'><strong>manu</strong></span> <span class='ocrx_word' id='word_1_361' title='bbox 833 4033 985 4096; x_wconf 85' lang='lat' dir='ltr'><strong>dissecans,</strong></span> <span class='ocrx_word' id='word_1_362' title='bbox 1010 4032 1091 4087; x_wconf 87' lang='lat' dir='ltr'><strong>alium</strong></span> <span class='ocrx_word' id='word_1_363' title='bbox 1118 4031 1231 4083; x_wconf 87' lang='lat' dir='ltr'><strong>reddens</strong></span> 
     </span>
     <span class='ocr_line' id='line_1_42' title="bbox 135 4103 1232 4176; baseline -0.009 -14"><span class='ocrx_word' id='word_1_364' title='bbox 135 4110 317 4172; x_wconf 81' lang='lat' dir='ltr'><strong>semiseetum,</strong></span> <span class='ocrx_word' id='word_1_365' title='bbox 335 4108 417 4160; x_wconf 89' lang='lat' dir='ltr'><strong>alium</strong></span> <span class='ocrx_word' id='word_1_366' title='bbox 438 4110 516 4160; x_wconf 87' lang='lat' dir='ltr'><strong>etlam</strong></span> <span class='ocrx_word' id='word_1_367' title='bbox 536 4107 706 4176; x_wconf 84' lang='lat' dir='ltr'><strong>detruncans,</strong></span> <span class='ocrx_word' id='word_1_368' title='bbox 727 4116 754 4162; x_wconf 89' lang='lat' dir='ltr'><strong>et</strong></span> <span class='ocrx_word' id='word_1_369' title='bbox 773 4103 1010 4160; x_wconf 86' lang='lat' dir='ltr'><strong>innumerabilibus</strong></span> <span class='ocrx_word' id='word_1_370' title='bbox 1028 4106 1128 4158; x_wconf 83' lang='lat' dir='ltr'><strong>ictuum</strong></span> <span class='ocrx_word' id='word_1_371' title='bbox 1144 4117 1232 4172; x_wconf 89' lang='lat' dir='ltr'><strong>gene·</strong></span> 
     </span>
    </p>
   </div>
   <div class='ocr_carea' id='block_1_3' title="bbox 0 0 1499 4825">
    <p class='ocr_par' dir='ltr' id='par_1_8' title="bbox 0 0 1499 4825">
     <span class='ocr_line' id='line_1_43' title="bbox 0 0 1499 4825; baseline 0 0"><span class='ocrx_word' id='word_1_372' title='bbox 0 0 1499 4825; x_wconf 95' lang='lat' dir='ltr'><strong> </strong></span> 
     </span>
    </p>
   </div>
  </div>
 </body>
</html>
