2967 4825
433 331 436 337 ·
536 270 745 378 ussonia.
1122 292 1212 380 ιτο

100 474 163 542 τοῖς
185 457 268 541 όλοις
290 462 500 550 ἀπαγορεύων
521 470 576 533 καί
594 471 648 550 τῆς
676 469 844 550 βασιλικῆς
876 468 992 551 ἐκείνης
1012 463 1196 553 λαμπρότη-

100 590 148 641 τος
178 566 234 633 καί
256 570 312 651 τῆς
346 571 461 651 μέχρις
500 570 639 653 ούρανοῦ
663 568 848 654 φθανούσης
874 558 988 652 δόξης,
1017 569 1196 650 μᾶλλονδὲ

101 671 151 750 τής
181 668 262 750 ὑπὲρ
296 670 360 732 τῶν
377 666 547 750 Ῥωμαίων
580 671 801 754 ἀνδραγαθίας
824 672 960 733 Ιτοιαύτα
987 666 1197 750 κομισάμενος

99 766 136 831 τά
159 769 316 852 ἐπίχειρα.
360 772 533 855 προαχθείς
562 762 617 835 σύν
640 774 674 837 ἐν
699 772 824 837 εύτελεῖ
841 795 892 861 τερ
920 768 1079 856 ὑποζυγίῳ
1099 772 1196 855 μέχρι

77 871 150 951 5τής
172 867 392 953 Προποντίδος
416 870 528 954 αύτής,
550 868 656 954 ῶσπερ
681 875 796 954 πτῶμα
817 871 950 957 σεσηπὸς
972 874 1101 952 εἵλκετο,
1121 867 1196 947 τούς

98 973 153 1051 μὲν
177 968 369 1055 ὀφθαλμούς
390 978 689 1056 κατορωρυγμένους
715 972 808 1057 ἔχων,
832 973 890 1058 τήν
914 976 949 1038 δὲ
974 968 1115 1059 κεφαλήν
1135 970 1195 1035 σύν

98 1079 157 1146 τοῖς
181 1070 362 1154 προοῶποις
393 1075 608 1161 ἐξηνδηκυῖαν,
640 1079 696 1139 καί
722 1073 887 1160 σκῶληκας
917 1077 1038 1141 ἐκεῖθεν
1072 1070 1196 1149 δεικνύς

98 1167 340 1252 ἀποπίπτοντας.
396 1176 517 1260 ἡμέρας
547 1178 574 1261 δ’
610 1178 717 1261 ὀλίγας
752 1175 909 1243 διαλιπῶν
941 1174 1111 1250 ἐπωδύνως
1141 1170 1348 1240 τύν1071οοι.
1376 1195 1379 1199 ·

95 1278 186 1357 βίον,
223 1278 279 1341 καί
303 1275 362 1359 πρό
400 1281 456 1360 τής
486 1279 806 1363 τιλτυτήςνόδωδῶς,
830 1277 1012 1360 α’πολείπει,
1041 1278 1080 1367 τῇ
1112 1273 1196 1367 νήσιρ

61 1381 132 1466 torp}
155 1375 279 1465 Πρώτη
310 1377 365 1443 τόν
397 1381 479 1460 χοῶν
511 1381 707 1460 α’ποθὲμενος
737 1384 818 1444 κατὰ
851 1376 908 1463 τήν
939 1381 1056 1463 ταύτης
1088 1376 1197 1461 α’κρῶ-

97 1504 199 1563 ρειαν,
226 1475 304 1543 ἔνθα
333 1482 402 1544 νέον
436 1482 551 1557 ἐκεῖνος
573 1483 720 1562 ἐδείματο
742 1478 1006 1566 φροντιστήριον,
1030 1481 1198 1565 κηδευθείς

95 1586 151 1663 μὲν
171 1582 351 1654 πολυτελῶς
374 1579 463 1664 παρά
488 1584 544 1664 τῆς
565 1586 639 1665 πρίν
653 1585 818 1661 βασιλίδος
838 1585 893 1645 καί
906 1578 1109 1662 όμευνέτιδος
1130 1581 1198 1645 Βύ-

97 1686 225 1766 δοκίας,
255 1686 310 1766 τής
344 1684 403 1745 τού
424 1683 611 1765 κρατοῦντος
634 1681 754 1767 μητρὸς
778 1682 894 1766 (ἐκείνη
915 1681 977 1765 γάρ’
1001 1682 1199 1767 αἰτησαμένη

20 1858 27 1873 ι
96 1784 146 1849 τόν
167 1774 240 1849 υἱόν
263 1782 320 1867 τήν
350 1787 442 1867 νήσου
468 1783 589 1869 ταύτην
621 1789 812 1865 καταλαβεῖν
831 1785 931 1872 ταύτην
959 1780 999 1849 τά
1024 1787 1078 1868 τής
1107 1782 1198 1861 δσίας

62 1884 297 1973 leontopodion
330 1886 486 1977 ἐτέλεσε),
518 1885 644 1970 μνήμην
672 1889 707 1949 δὲ
729 1884 913 1951 καταλιαῶν
944 1895 1008 1959 τοῖς
1029 1887 1198 1966 μετέπειτα

97 1990 155 2053 τῶν
169 1990 228 2051 τού
241 1982 314 2067 Ἰῶβ
328 1982 448 2051 ἐκείνου
466 1986 717 2070 δυστυχημάτων
736 1984 990 2068 ύπερβαίνσυσαν
1005 1982 1063 2068 τήν
1079 1982 1200 2066 ἀκρόα-

96 2115 155 2156 σιν.
208 2092 302 2154 τούτο
335 2090 369 2151 δὲ
402 2085 668 2168 θαυμασιώτατον
701 2083 769 2169 δόμα
804 2090 858 2152 καί
887 2083 1106 2171 γενναιότατον
1135 2091 1333 2161 τοῖςῖ.204κ.

17 2219 23 2267 ι,
97 2194 170 2257 πᾶσι
183 2192 324 2275 διήγημα
340 2194 575 2270 καταλέλοιπεν,
591 2183 641 2253 ότι
662 2192 716 2255 ἐπί
729 2198 793 2263 τοῖς
805 2184 998 2273 τηλικούτοις
1011 2194 1200 2273 πειρασμοῖς

16 2319 17 2324 ’
97 2295 149 2356 καί
179 2292 414 2373 άπαραμίλλοις
452 2300 558 2365 κακοῖς
597 2293 688 2355 ούδέν
718 2287 910 2377 βλάσφημον
945 2282 966 2373 ή
994 2287 1200 2373 μικρόψυχον

62 2384 332 2480 λθάπεφθέγξατο,
357 2393 425 2456 πόλλ’
454 2393 655 2476 εύχαριστῶν
679 2392 812 2457 διετέλει
833 2390 888 2457 καί
910 2391 1034 2477 χρόνων
1055 2386 1200 2476 προσθή-

16 2550 17 2553 ,
99 2521 152 2582 κην
182 2493 338 2579 ἐπιζητῶν
367 2498 400 2560 ἐν
429 2503 556 2580 κακοῖς,
587 2497 638 2559 ἳνα
663 2487 878 2582 εύαρεστήση,
901 2496 1016 2580 φησίν,
1038 2494 1083 2580 τῷ
1104 2485 1199 2577 ποιή-

97 2623 196 2678 σαντι,
221 2593 277 2661 τόν
298 2601 351 2681 τής
373 2596 537 2682 ἀσκήσεως
561 2595 677 2681 δρόμον
697 2595 836 2660 διανύων
858 2593 1098 2680 ἐπιπονώτερον.
1199 2595 1204 2603 ’

195 2700 277 2792 Ἀλλ’
299 2698 315 2764 ό
339 2702 398 2782 μὲν
418 2701 452 2765 ἐν
477 2697 638 2776 τοσούτοις
660 2697 800 2784 ἀνιαρῶς
826 2695 862 2762 τό
887 2700 943 2784 ζήν
965 2699 1199 2784 καταστρέψας,

171 2835 215 2892 14.
236 2836 336 2900 όσσίας
356 2835 387 2891 (λ.
919 2821 932 2835 l

101 2960 191 3027 bilem,
211 2960 397 3016 semimortuus
410 2957 531 3011 iacebat:
550 2968 628 3012 antea
647 2961 699 3012 iam
717 2959 856 3012 coniectus
874 2958 921 3012 rel
938 2959 1041 3024 morbo,
1060 2966 1114 3012 turn
1133 2972 1199 3012 vero

101 3033 221 3085 omnibns
243 3046 273 3085 se
293 3032 418 3083 abdicans
436 3040 577 3100 postquam
597 3039 624 3083 et
646 3032 715 3100 regii
734 3030 809 3082 illius
828 3029 978 3097 splendoris
998 3031 1075 3082 etad
1095 3031 1201 3083 coelum
1276 3087 1279 3092 ,

100 3121 182 3174 usqne
203 3113 311 3158 erectae
330 3102 443 3172 gloriae,
463 3112 543 3171 atque
562 3105 628 3156 adeo
656 3103 810 3154 meritorum
831 3103 863 3154 de
884 3103 991 3155 Graecis
1011 3117 1117 3155 suorum
1135 3103 1202 3154 talia

101 3159 350 3246 aceepifpraemia.
393 3176 491 3227 llectus
516 3177 598 3244 igitur
625 3174 741 3241 simplici
766 3175 884 3225 iumento
903 3190 989 3242 usque
1006 3174 1038 3227 ad
1055 3174 1200 3241 Proponti-

101 3251 167 3314 dem,
180 3250 258 3318 quasi
271 3249 385 3301 cadaver
398 3255 554 3314 putrescens
569 3247 732 3309 trahebatur,
753 3244 847 3297 oeulos
858 3246 980 3298 defossos
992 3246 1102 3311 babens,
1122 3253 1201 3313 eaput

101 3332 186 3373 autem
198 3338 258 3374 cum
269 3336 315 3373 ore
334 3319 514 3384 tumefactum,
535 3328 561 3370 ct
576 3334 680 3370 vermes
690 3319 753 3369 inde
769 3317 897 3371 exhibens
916 3318 1088 3370 decidentes:
1107 3320 1201 3386 paucis

101 3401 186 3446 autem
207 3394 300 3446 diebus
315 3393 472 3445 intermissis
486 3393 583 3444 misere
608 3392 688 3442 vitam
713 3397 793 3457 atque
813 3391 874 3441 ante'
887 3399 996 3442 mortem
1017 3390 1094 3442 olens
1113 3390 1200 3442 relin-

81 3467 166 3543 ,φιλλ
184 3466 292 3518 insulae
301 3465 396 3517 Protae
417 3464 547 3533 (primae)
568 3463 719 3536 sepulcrum
738 3461 844 3514 tradens
863 3463 891 3514 iu
910 3463 967 3513 eius
986 3464 1060 3532 iugo,
1080 3462 1126 3514 ubi
1147 3477 1201 3514 nu.

101 3553 147 3604 per
167 3537 219 3590 ille
239 3538 429 3589 monasterium
450 3535 685 3598 exaedificaverat3
714 3542 819 3587 curatus
844 3535 983 3602 magnifice
1011 3535 1134 3602 apriore
1153 3550 1200 3586 re.
1221 3549 1227 3573 a

102 3611 162 3676 gina
181 3618 209 3661 et
237 3624 321 3660 uxore
345 3608 465 3660 Eudocia
490 3609 658 3675 imperatoris
683 3615 782 3659 matre:
810 3606 881 3675 (illa‘
898 3608 967 3658 enim
987 3623 1001 3659 a
1019 3606 1075 3659 filio
1096 3614 1200 3674 petens,

102 3688 129 3732 ut
148 3680 263 3733 insulam
287 3681 355 3732 banc
374 3687 535 3747 occuparet,
562 3679 624 3730 huic
653 3696 696 3733 res
720 3678 864 3746 religiosas
892 3679 1027 3750 benevole
1053 3680 1167 3746 perfecit
1177 3682 1200 3750 ι)

102 3761 179 3821 atque
199 3754 352 3805 memoriam
363 3752 518 3820 relinquens
540 3752 665 3818 posteris,
685 3767 753 3820 quae
772 3750 885 3819 gloriam
903 3750 1032 3803 malorum
1050 3751 1109 3803 lobi
1126 3750 1202 3802 illius

103 3827 253 3877 excederet.
291 3809 343 3875 bisc
366 3830 455 3875 autem
475 3822 698 3878 mirabilissimum
716 3822 794 3875 simul
816 3831 843 3874 et
867 3823 1061 3876 nobilissimum
1081 3823 1202 3876 omnibus

46 3946 51 3952 .
102 3906 283 3964 argumentum
302 3895 431 3964 reliquit,
460 3894 529 3963 quod
557 3896 584 3945 in
611 3895 691 3945 tantis
713 3893 955 3960 periclitationibus
976 3905 1002 3946 et
1021 3894 1202 3963 singularibus

102 3968 176 4020 malis
195 3969 263 4020 nibil
279 3969 356 4035 impii
376 3976 421 4020 eut
439 3976 521 4018 tenue
539 3967 731 4034 pronuntiavit,
751 3966 797 4016 sed
816 3968 926 4032 gratiam
945 3967 1049 4018 referre
1069 3982 1201 4033 perseve-

103 4040 174 4090 rabat
194 4051 220 4093 et
248 4041 375 4113 temporis
394 4042 576 4091 accessionem
604 4053 734 4106 quaerere
761 4037 788 4087 in
807 4036 884 4088 malis
904 4046 932 4089 ut
954 4037 1089 4104 placeret,
1108 4039 1155 4103 ait,
1178 4037 1203 4090 ci

103 4113 147 4179 qui
165 4115 351 4180 proposuisset
367 4111 522 4165 tentationis
542 4126 656 4174 cursum,
676 4112 698 4161 si
717 4109 861 4175 perficeret
880 4125 939 4160 eum
958 4107 1103 4164 laboriose.

202 4201 253 4254 Sed
274 4202 317 4254 hic
336 4201 442 4272 quidem
453 4209 592 4270 postquam
611 4200 638 4250 in
656 4200 736 4251 tantis
755 4199 853 4250 misere
874 4199 955 4252 vitani
974 4201 1070 4267 linivit,
1090 4199 1201 4252 multum
