2967 4825
276 262 332 341 to·
469 242 473 247 ’
563 222 783 343 mantuus
814 272 1075 345 amaneum
1145 315 1149 323 2

334 431 490 520 Ἐπόδησε
505 435 541 501 δὲ
551 438 613 500 τῶν
625 428 730 501 ἄλλων
745 436 892 503 ἁπάντων
913 432 1093 521 δβασιλεδς
1114 433 1258 503 ἐπέκεινα
1273 434 1334 521 τήν
1346 458 1381 503 τε

274 541 338 603 τῶν
348 539 508 625 δημοσίων
519 535 694 623 χρημάτων
709 537 883 624 ἐπαύξησιν
896 542 950 605 καί
961 542 1022 605 τῶν
1034 539 1202 606 ἰδιωτικῶν
1212 540 1310 604 δικῶν
1321 536 1382 622 τήν

275 639 429 722 α’κρόασιν
443 634 499 703 κατ’
510 623 632 715 τούτοις
645 637 702 723 την
713 639 847 721 μείζονα
860 640 1014 725 φροντίδα
1031 642 1198 705 κατεκένου
1215 640 1271 724 τῆς
1281 644 1382 722 βασι-

273 743 371 816 λείας,
395 740 460 803 τῶν
482 732 587 804 ἄλλων
605 733 700 823 ἧττον
717 745 890 822 βασιλικῶν
907 741 1135 825 ἀντεχόμενος,
1148 743 1382 825 στρατιωτικῶν

273 842 360 927 φημὶ
371 842 427 905 κατ’
438 842 656 926 στρατηγικῶν
676 840 952 925 πλεονεκτημάτων
971 845 1026 907 κατ’
1039 840 1094 925 τῆς
1115 842 1265 905 ἐντεῦθεν
1283 838 1409 905 τῶδε-5

258 942 353 1027 4βίας,
373 947 441 1016 τοῖς
460 941 639 1025 εἰρημένοις
657 948 827 1017 πολιτικοῖς
842 944 1022 1023 εὐδοκιμεῖν
1041 939 1302 1031 προαιρούμενος.
1326 939 1381 1005 διδ

273 1038 312 1126 δὴ
324 1046 427 1108 ταῦτα
438 1043 494 1107 κατ’
505 1050 748 1127 συκοφαντικοῖς
770 1044 931 1127 ε’πηρειάις
946 1045 1001 1108 καί
1014 1050 1216 1129 σοφιστικαῖς
1230 1040 1383 1124 pisidiae

272 1141 330 1207 καί
352 1141 520 1207 δικανικῶν
542 1140 774 1227 προβλημάτων
796 1145 884 1231 ε’σμηῖ
915 1145 970 1207 καί
989 1144 1176 1225 σεκρετικῶν
1194 1142 1384 1225 ζητημάτων

248 1304 252 1315 ,
273 1244 458 1318 ἐπιπλοκαῖς
470 1239 507 1307 τὸ
521 1238 701 1323 Ῥωμαϊκὸν
714 1240 885 1325 ἐκλουεῖτο,
897 1248 952 1308 κατ’
970 1240 1055 1327 κοινή
1071 1245 1185 1328 μελέτη
1198 1252 1265 1319 τοῖς
1278 1234 1384 1305 ῶπασι

273 1341 310 1409 τὸ
328 1343 533 1427 κατορθῶσαι
565 1342 753 1409 τὰτοιαῦτα
777 1330 906 1428 tydeo,
935 1343 979 1421 ῶς
1001 1346 1055 1409 κατ’
1078 1343 1196 1418 ου’τοδς
1218 1335 1427 1428 στρατιαὶ-10

273 1466 330 1520 τας
351 1447 541 1525 μεταβαλεῖν
573 1447 629 1509 κατ’
647 1450 846 1528 μεταμαθεῖν
878 1441 915 1510 τοὶ
942 1445 1023 1529 πρὸς
1043 1443 1102 1527 τὴν
1119 1442 1238 1516 τούτων
1259 1444 1380 1525 γνῶσιν

274 1544 467 1629 παράγοντα.
520 1545 576 1611 κατ’
596 1549 653 1611 κου’
673 1547 833 1626 βασιλέως
855 1547 1044 1631 εῶπροσίτοο
1070 1548 1125 1611 κατ’
1145 1543 1382 1629 μετριόφρονος

275 1638 365 1720 ὄντος
403 1647 459 1709 καί
493 1638 585 1729 ἧττον
613 1650 688 1732 περὶ
716 1644 753 1711 τὸ
778 1652 872 1729 σῶμα
906 1653 1091 1714 κολαστικοῦ
1113 1650 1167 1711 κατ’
1188 1642 1228 1710 τοὶ
1250 1646 1326 1728 περὶ
1345 1641 1382 1709 τὸ

135 1740 223 1799 ss¹⁸2
239 1749 364 1811 resto
383 1745 529 1829 εὐσεβεῖν
552 1750 725 1823 δοκοῦντος
753 1748 796 1823 ῶς
825 1752 964 1830 μάλιστα
996 1746 1199 1835 φιλοπτῶχου
1231 1768 1264 1811 τε
1295 1748 1381 1827 πέρα

272 1848 329 1911 τοῦ
348 1844 470 1922 δέοντος
503 1849 558 1913 καί
584 1851 807 1934 φιλομονσίχου
837 1854 1086 1935 καθισταμένου,
1112 1848 1168 1914 κατ’
1191 1844 1381 1931 διεπτοημδ-
1391 1858 1426 1911 15

275 1968 333 2011 νου
354 1946 429 2029 περὶ
448 1945 488 2010 τοὶ
512 1945 596 2033 ἱερά,
616 1950 634 2034 ἦ
658 1947 738 2035 πρδς
751 1950 790 2016 τὰ
807 1955 962 2034 λεχθέντα
976 1952 1068 2035 ἕτερα
1082 1947 1243 2037 κεφάλαια
1264 1940 1380 2013 εὔνοια

271 2044 330 2131 την
361 2048 602 2113 τῶντοιούτων
631 2053 881 2141 προτερημάτων
913 2046 1072 2135 ἤμβλυνεν
1101 2053 1301 2133 ἐπιμέλειαν,
1323 2050 1384 2113 καί

272 2142 353 2213 κατὰ
368 2152 456 2234 σφᾶς
476 2148 578 2225 αδτᾶς
600 2150 695 2235 οἷρετη
719 2154 775 2215 κατ’
794 2152 887 2217 κακιά
910 2157 984 2237 περὶ
1004 2152 1039 2216 τό
1064 2150 1142 2216 αῶτό
1169 2150 1399 2231 ῶποκείμενοκ·

271 2251 446 2333 μονονουχὶ
466 2253 664 2330 ἐστασίαζον.
689 2254 834 2318 ἐνίκα-δὲ
856 2254 942 2336 παρὰ
966 2251 1084 2330 πολλὰς
1105 2252 1237 2339 ψήφους
1255 2248 1290 2315 ῒό
1318 2253 1382 2335 (5¹2-

271 2352 405 2437 σπαδδς,
421 2344 486 2441 ὅσην
505 2356 561 2428 κατ’
578 2358 696 2420 πλείονι
710 2356 821 2440 μερίδι
838 2353 1015 2441 ἔφη’πλωτο.
1038 2353 1071 2420 τὸ
1088 2351 1150 2439 χεὶρ
1172 2354 1302 2436 εὐσεβὲς
1325 2353 1383 2418 καί
1389 2362 1427 2419 20

270 2451 304 2518 κδ
329 2449 531 2540 φιλόπτωχον
552 2451 621 2537 ἅμα
642 2456 697 2520 καί
717 2456 936 2540 φιλομόναχον
950 2461 1005 2523 κατ’
1020 2456 1052 2523 τὸ
1072 2454 1115 2542 μη
1142 2453 1223 2540 πρδς
1244 2457 1379 2520 κόλασιν

272 2553 314 2616 δι’
335 2551 469 2635 αἵματος
502 2558 649 2641 ἕτοιμον,
679 2561 734 2622 καί
754 2549 832 2623 αδτδ
873 2556 908 2624 τὸ
929 2557 1131 2644 ου’πρδσιτον,
1154 2559 1293 2624 ἐπαίνων
1318 2557 1381 2638 μὲν

273 2652 379 2730 οδδείς
403 2646 442 2738 ἦν
463 2654 479 2720 δ
497 2653 541 2741 μη
570 2659 677 2740 α’ξιῶν,
700 2657 781 2744 πλὴν
804 2657 884 2724 π’λλά
909 2663 963 2747 ,τῷ
986 2658 1092 2744 ἔχοντι
1112 2659 1197 2748 μὸυηι
1219 2657 1276 2744 τὴν
1296 2649 1379 2742 ὄνη-

345 2787 372 2844 4.
392 2809 482 2858 ηττοιν
500 2792 531 2847 G.

371 2910 483 2980 eupirit
509 2920 599 2965 antem
623 2921 729 2981 praeter
753 2923 844 2968 cetera
868 2917 957 2970 omnia
973 2933 1022 2970 rex
1046 2927 1074 2972 ot
1095 2917 1264 2987 publicarum
1287 2931 1381 2970 rerum

273 2983 445 3036 secesionem
464 2991 491 3035 et
509 2985 671 3051 priuatarum
686 2987 819 3039 actionum
836 2989 1011 3045 auditionem:
1033 2990 1119 3042 ethis
1137 2991 1268 3042 maiorem
1286 3004 1381 3040 euram

273 3053 448 3106 exhauriebat
465 3055 581 3122 imperii,
600 3056 662 3107 aliis
680 3060 799 3126 negotiis
822 3061 905 3128 regiis
924 3061 1010 3112 minus
1037 3063 1151 3126 deditus,
1170 3059 1299 3113 militaria
1317 3061 1382 3112 dico

273 3134 301 3178 et
318 3120 490 3195 imperatoria
512 3127 658 3190 commoda,
679 3137 706 3179 et
723 3131 836 3196 proinde
853 3132 982 3198 capienda
997 3132 1085 3199 gloria
1104 3134 1318 3186 commemoratis
1338 3134 1383 3183 oi.

272 3197 373 3249 vilibus
391 3196 472 3250 rebus
494 3206 524 3249 ut
548 3197 648 3249 nobilis
672 3201 751 3251 lieret
774 3203 858 3270 magis
879 3211 981 3270 optans.
1028 3213 1171 3272 propterea
1189 3205 1274 3273 igitur
1296 3217 1383 3269 syco-

272 3268 407 3337 phantiois
425 3270 504 3321 minis
523 3269 552 3321 et
569 3269 747 3335 sophistarum
765 3273 849 3323 instar
868 3273 944 3326 iactis
963 3277 1083 3328 artificiis
1103 3284 1129 3327 et
1140 3275 1234 3328 *litium
1253 3275 1383 3326 multitu..

273 3341 335 3393 dine
354 3349 381 3392 et
398 3349 565 3393 secretorum
584 3343 770 3409 quaestionum
797 3344 1022 3409 implicationibus
1044 3347 1161 3400 Graecus
1180 3345 1299 3414 populus
1318 3348 1384 3414 agi.

273 3413 377 3465 tabatur
403 3420 430 3462 et
459 3427 599 3463 commune
630 3413 744 3463 studium
770 3415 890 3466 omnibus
915 3419 1067 3485 corrigendi
1091 3417 1156 3470 talia
1183 3417 1333 3481 oriebatur,
1353 3425 1385 3467 ut

274 3487 353 3536 etiam
373 3485 446 3550 ipsos
464 3482 565 3534 milites
583 3493 614 3534 ut
627 3491 760 3534 mutarent
781 3493 808 3535 et
834 3485 912 3538 aliter
930 3489 1063 3541 discerent
1082 3489 1176 3541 borum
1196 3490 1384 3558 cognitionem

273 3557 414 3608 adducunt.
435 3553 472 3605 Et
486 3569 599 3606 cumrex
617 3553 704 3605 iaoilis
718 3563 790 3606 esset
804 3559 971 3610 etmodestus
991 3570 1017 3613 ot
1034 3562 1120 3613 minus
1133 3575 1229 3628 corpus
1244 3561 1386 3628 castigans

274 3634 300 3677 et
319 3641 383 3692 erga
398 3624 490 3677 divina
503 3625 563 3691 pius
574 3625 711 3678 videretur
724 3641 802 3692 quam
812 3627 924 3680 maxime
935 3639 961 3681 et
972 3645 1116 3703 pauperum
1134 3647 1224 3684 amans
1234 3643 1317 3700 supra
1330 3648 1386 3683 ns-

273 3697 425 3748 cessitatem
446 3704 474 3745 et
495 3697 684 3748 monachorum
704 3705 776 3748 esset
795 3707 820 3750 et
843 3701 947 3752 timidus
971 3705 1043 3755 eirca
1071 3718 1165 3767 saera,
1185 3703 1386 3756 benevolentia

272 3768 301 3819 in
320 3767 534 3818 commemoratis
560 3767 621 3819 aliis
639 3769 805 3835 gravissimis
833 3769 912 3824 rebus
938 3774 996 3826 visa
1020 3774 1112 3826 talium
1140 3776 1271 3828 virtutum
1291 3789 1386 3826 curam

273 3834 442 3901 debilitabat,
462 3844 489 3887 et
509 3853 535 3888 m
550 3854 589 3890 us
603 3854 668 3905 ipsis
687 3840 772 3892 virtus
792 3849 819 3891 et
838 3843 930 3896 vitium
944 3848 1015 3897 circa
1033 3847 1103 3897 idom
1122 3845 1273 3898 subiectum
1292 3861 1386 3913 paene

274 3909 405 3961 seditiosa
424 3916 507 3959 erant.
545 3908 699 3975 reportabat
712 3919 799 3962 autem
818 3914 958 3968 victoriam
978 3916 1068 3970 multis
1090 3919 1231 3970 sententiis
1250 3919 1385 3985 indigna-

273 3982 322 4041 tio,
345 3992 397 4046 σου
418 3981 496 4030 etiam
515 3982 615 4031 maiore
633 3989 708 4048 parte
734 3981 871 4051 divulgata
890 3994 954 4036 erat.
1001 3990 1070 4055 quod
1092 3990 1161 4040 enim
1182 3991 1242 4056 pius
1271 3997 1332 4041 erat
1357 3996 1387 4039 et

274 4065 421 4118 pauperum
440 4049 519 4101 simul
540 4060 566 4102 et
586 4052 876 4106 monachorumomans
891 4060 1022 4124 nequead
1042 4061 1225 4129 castigandum
1247 4063 1406 4128 sanguine,

276 4129 416 4189 promptus
435 4129 462 4170 et
480 4120 595 4174 affabilis
614 4131 696 4186 esset,
725 4124 793 4176 baec
817 4140 895 4175 nemo
916 4137 988 4193 erat,
1010 4133 1073 4198 quin
1093 4131 1216 4183 laudibus
1235 4133 1385 4200 αἱμακταῖς

227 4222 233 4243 -,
275 4192 324 4252 sed
340 4191 407 4244 baec
428 4194 453 4244 ei
472 4191 556 4256 aoli,‘
570 4195 616 4263 qui
644 4211 675 4252 ea
703 4193 828 4262 baberet,
857 4198 1000 4252 utilitatem
1025 4203 1122 4254 allerre
1147 4203 1326 4268 iudicabant,
1357 4211 1387 4254 et
