2967 4825
113 372 233 437 τούτου
256 371 311 438 κατ’
328 374 534 459 συμφυλότην
550 370 751 457 ἀπάρχονται
794 377 850 441 καί
870 375 931 460 πρό
952 376 1010 442 τού
1031 383 1223 462 καταλαβεῖν

112 474 165 549 εἰς
195 472 457 560 Ἀδριανούπολιν
480 471 539 555 τὴν
569 475 734 560 εάφημίαν
767 477 853 565 αύτῷ
886 479 941 543 καί
968 478 1028 562 τήν
1056 484 1224 561 βασιλείαν
1320 483 1324 489 '

111 570 411 658 προδιεγρόψαντο,
433 569 573 658 ἀνοήτως
608 573 734 653 πάντως
769 579 825 641 καί
848 578 951 663 πάσης
970 578 1138 665 ἀσφαλοῦς
1159 607 1225 647 πα-

111 670 324 759 ρατηρήσεως
346 668 493 743 ἄνευθεν.
537 671 559 759 ἢ
580 674 644 761 γάρ
668 671 719 760 ἀν,
742 678 773 744 εἰ
794 678 838 764 μὴ
863 682 916 747 κατ’
937 677 965 743 οἱ
981 684 1169 765 κρατοῦντες
1191 688 1225 750 ἐν

75 775 287 865 5Βυζαντίρι
301 770 503 861 ἀνοητότεροι
523 776 608 861 ύπῆρ
611 802 680 861 χον,
701 782 826 864 ταχέως
840 776 878 847 ἀν
898 778 1064 867 παρελύθη
1087 786 1142 849 καί
1164 810 1225 851 κα-

109 876 316 962 τεπολεμήθη
345 874 385 941 τύ
414 881 469 961 τῆς
488 878 638 964 τοιαύτης
661 883 840 967 ἐπιβουλῆς.
886 880 919 947 αἱ
940 881 1000 967 γάρ
1024 878 1118 961 ἀλλιςι
1138 877 1228 972 Θρα.

109 979 196 1064 xpm
217 974 324 1056 πόλεις
347 977 402 1044 καί
419 979 644 1045 Μακεδονικαί
664 980 747 1066 πλὴν
769 986 864 1055 τινῶν
885 982 1078 1070 συνττὴρουν
1097 983 1145 1053 ἔτι
1165 993 1224 1054 τού

109 1077 243 1155 πόθους
263 1076 362 1155 αότάς
381 1077 453 1161 ἔξω,
476 1084 532 1146 καί
552 1081 640 1165 παρὰ
664 1086 821 1164 βασιλέως
844 1086 1030 1168 ἐπαγγελίας
1047 1084 1224 1175 ἐγγράφους

116 1178 178 1243 καί
198 1180 411 1265 παραγγελίας
426 1184 619 1265 προσέμενον
643 1184 696 1247 ε’πί
717 1187 925 1273 καταστροφῇ
938 1192 1002 1249 τῶν
1023 1184 1223 1271 ἀποστατῶν,

56 1281 171 1346 1οδιά
197 1282 231 1346 τό
258 1284 313 1347 καί
333 1278 388 1346 τόν
411 1284 588 1365 Βρυέννιον
609 1280 655 1347 ἔτι
683 1284 848 1369 μακρόθεν
870 1286 1065 1351 καθεστάναι
1088 1291 1144 1373 τῆς
1164 1292 1223 1354 τού

105 1383 297 1467 Ἀδριανοῦ.
351 1374 388 1466 ἧν
415 1386 450 1448 δὲ
470 1386 513 1470 τῷ
546 1389 679 1466 βασιλεῖ
704 1389 761 1449 καί
781 1384 918 1469 στρατός
949 1390 1136 1471 ι’διαίτατος,
1159 1382 1220 1453 ἀπό

107 1484 301 1568 συγκλύδων
331 1485 456 1569 ἀνδρῶν
486 1488 683 1568 ἀθροισθείς,
705 1486 761 1553 καί
794 1491 832 1577 τῇ
851 1491 1010 1581 γυμνασίᾳ
1034 1488 1344 1576 προσλαβῶνίιλλθι.
1417 1522 1419 1526 ·

87 1586 149 1650 -τό
173 1583 352 1669 εὐδόκιμον,
371 1584 428 1664 σός
451 1589 506 1651 καί
527 1585 708 1663 ἀθανάτους
732 1587 748 1651 ό
771 1588 921 1670 βασιλεύς
947 1582 1036 1669 οὗτος
1060 1589 1219 1673 ω’νύμασε.

109 1692 172 1753 καί
203 1688 254 1753 tat
286 1688 411 1755 πάντων
447 1690 587 1770 εὐχερῶς
626 1681 711 1771 εἶχεν
752 1693 925 1755 ἐπιθέσθαι
952 1700 1026 1767 Χτοϊς
1057 1717 1091 1777 γε
1118 1696 1153 1760 ἐν
1184 1693 1242 1783 τῇ
1334 1706 1339 1714 “

55 1806 96 1860 15
106 1791 377 1876 Ἀδριανουπόλει
398 1793 500 1874 χωρίς
523 1792 580 1855 τού
601 1792 866 1873 προσδοκωμένου
888 1793 1038 1877 ἡγεμόνος
1058 1799 1221 1860 καθυλαιι-

110 1895 230 1978 τούσι,
255 1894 312 1957 καί
339 1884 361 1975 ἢ
383 1895 568 1977 τρέψασθαι
595 1890 748 1973 τούτους,
771 1896 827 1956 καί
853 1896 897 1969 εἰς
920 1894 1097 1980 ἀσφάλειαν
1118 1891 1222 1983 ἓαυτηῖ

104 1996 306 2079 περιστῆσαι
327 1991 364 2059 τά
382 1992 565 2078 πράγματα,
586 1984 606 2077 ἢ
626 1993 683 2066 τός
696 2017 730 2076 γε
745 1991 854 2068 λοιπός
875 1992 982 2071 πόλεις
1002 1998 1049 2071 εἰς
1063 1994 1122 2081 την
1143 1992 1222 2061 ἑαυ-

104 2097 175 2161 τοῦ
196 2097 489 2180 κατοχυρῶσασθιιι
505 2093 622 2178 πίστιν,
646 2096 701 2159 καί
710 2094 859 2175 ἀντίξουν
879 2094 963 2179 ἔχειν
984 2101 1017 2163 ἀν
1040 2102 1080 2184 τῇ
1101 2094 1220 2187 ἑσπέρην

106 2197 197 2263 κατά
225 2199 289 2263 τῶν
323 2194 667 2283 ε’ναντιωνβοηθημιι.
720 2192 739 2258 ἀ
762 2198 796 2261 δὲ
828 2198 917 2285 ἀνοίρ
939 2198 993 2263 κατ’
1014 2198 1145 2321 ἀμελοίην
1167 2200 1223 2263 κατ’

56 2297 149 2373 novt
172 2300 484 2418 κατασκευαζόμενον
506 2296 559 2362 dcci
584 2299 707 2362 πολλῶν
727 2296 855 2381 ἦμὲρῶν
879 2297 1012 2381 ἐγγύθεν
1037 2299 1138 2363 αίτού
1157 2300 1218 2384 η’γ-

107 2402 227 2488 νόησεν
247 2394 461 2485 ἀπειροκάλως
483 2397 672 2499 σκαιιύρημα
691 2402 804 2484 (τριῶν
822 2398 883 2485 γάρ
907 2398 1033 2486 ἡμερῶν
1048 2400 1088 2464 ου’
1107 2400 1219 2520 πόρρω

111 2503 173 2587 τῆς
195 2499 355 2577 πόλεωςε
336 2530 354 2586 η
372 2499 676 2586 Ἀδριανούπολις’
654 2503 767 2582 απέγει
792 2495 981 2588 διάστημα),
1002 2525 1055 2566 και
1076 2499 1159 2624 μετά
1182 2500 1218 2568 τό

106 2604 233 2688 γνῶναι
254 2606 524 2686 ἀναπεπταμένας
543 2629 597 2670 και
602 2617 670 2685 μετ
672 2603 831 2679 ἐὐθείας
853 2605 1013 2678 διατεθεις
1028 2603 1105 2681 τούς
1126 2602 1220 2670 ἐναν-

106 2708 202 2784 τίους
235 2693 390 2792 ἀσχυρούς
419 2703 652 2790 ἀπειργάσατο,
684 2704 726 2780 ῶς
756 2699 837 2770 εἶναι
872 2701 912 2769 τό
935 2709 1039 2809 πλείω
1056 2707 1118 2774 τῶν
1143 2703 1220 2780 τούς

184 2861 211 2914 3.
232 2857 371 2933 ἀσφαλῶς
391 2860 420 2915 G.

98 3011 257 3071 -antequam
273 3002 469 3069 -Adrianopolin
506 3002 613 3054 veniret
645 2999 830 3052 salutationem
870 3001 895 3052 ei
928 3010 954 3052 et
977 3018 1088 3071 regnum
1119 3005 1218 3056 decre.
1293 2996 1295 3001 ’

108 3084 228 3140 verunt,
248 3075 427 3141 imprudenter
454 3075 561 3134 omnino
592 3081 618 3124 et
650 3074 709 3124 sine
734 3073 805 3123 omni
839 3080 895 3124 tuta
926 3075 1069 3125 cautione:
1094 3075 1216 3140 proiecto

109 3149 204 3212 enim,
237 3147 291 3198 nisi
323 3147 402 3198 etiam
424 3146 598 3213 imperatores
624 3143 748 3210 Byzantii
779 3146 863 3211 magis
888 3145 1068 3212 imprudentes
1094 3145 1216 3212 luissent,

108 3220 242 3271 celeriter
260 3216 391 3270 sublatum
409 3217 625 3284 debellatumque
651 3224 722 3267 esset
741 3215 809 3277 tale„
826 3215 976 3267 consilium.
1021 3225 1127 3268 ceterae
1148 3219 1218 3268 euim

107 3292 242 3344 Thracum
274 3296 301 3340 et
325 3288 497 3342 Macedonum
525 3288 606 3340 urbes
626 3288 717 3354 paucis
747 3288 866 3355 exceptis
896 3288 1039 3341 servabant
1067 3305 1097 3340 se
1122 3291 1218 3340 etiam.

107 3374 169 3416 tum
190 3361 398 3429 perturbationis
426 3369 567 3427 expertes,
595 3367 621 3410 et
645 3375 661 3409 a
680 3375 745 3428 rege
764 3359 836 3410 iussa
847 3361 954 3427 ,scripta
977 3369 1002 3411 at
1027 3360 1148 3412 mandata
1168 3375 1217 3412 ex-

106 3435 271 3503 spectabant
290 3433 323 3484 ad
342 3434 511 3485 eversionem
530 3438 722 3500 apostatarum,
753 3429 814 3499 quia
840 3432 918 3482 etiam
939 3431 1090 3498 Bryennius
1122 3432 1218 3484 ctiam.

108 3505 275 3575 tum,longe
298 3505 405 3556 abesset
429 3504 461 3555 ab
480 3502 665 3570 Adrianopoli‘.
713 3511 777 3554 erat
791 3511 878 3553 autem
902 3505 961 3570 regi
982 3505 1060 3555 etiam
1083 3504 1218 3557 exercitus

109 3580 239 3646 proprius
259 3593 293 3629 ex
311 3576 422 3628 advenis
447 3576 597 3627 hominibus
617 3583 726 3626 coactus
745 3581 771 3626 et
797 3575 989 3627 exercitatione
1010 3576 1145 3643 accipiens
1167 3591 1217 3628 au-

110 3652 282 3713 ctoritatem,
307 3664 374 3718 quos
403 3650 481 3699 etiam
507 3646 670 3699 immortales
695 3663 745 3698 rex
764 3646 807 3698 hic
834 3647 992 3711 nominavit,
1013 3656 1092 3716 atque
1108 3649 1218 3698 omnino

112 3723 268 3788 expeditum
289 3723 314 3772 ei
334 3728 401 3785 erat,
420 3721 532 3788 aggredi
550 3718 614 3770 illos
632 3719 808 3795 Adrianopoli
834 3720 893 3771 sine
912 3721 980 3771 duce
1002 3726 1155 3786 exspectato
1174 3719 1218 3771 la.

110 3801 216 3845 trantes
243 3800 270 3844 ct
297 3800 343 3844 aut
361 3794 389 3844 in
414 3793 503 3860 lugam
528 3799 636 3843 vertere
662 3790 711 3842 bos
731 3799 759 3841 et
776 3799 861 3842 tutum
879 3791 929 3844 sibi
949 3793 1113 3845 constituere
1131 3793 1219 3858 impe..

110 3868 194 3929 rium,
212 3872 258 3915 aut
278 3872 381 3916 ceteras
412 3864 517 3942 quidem
535 3862 646 3914 urbes'
639 3878 667 3912 ιιι
686 3879 734 3914 sua
752 3863 803 3926 [ide
823 3863 927 3914 firmare
947 3870 973 3914 et
998 3863 1148 3929 oppositum
1167 3863 1219 3913 ha.

111 3937 209 3988 bere'
202 3951 231 3987 ιιι
252 3937 391 3987 occidente
412 3924 505 3987 contra
523 3935 691 3986 adversarios
712 3933 850 3984 auxilium.
888 3933 936 3985 ille
957 3942 1044 3986 autem
1063 3934 1218 4018 impruden..

113 4010 155 4060 tia
173 4016 201 4060 et
217 4007 387 4076 negligentia
407 4008 487 4059 etiam
504 4013 676 4073 praeparatas
695 4003 860 4072 permultos
879 4005 935 4056 dies
954 4020 1038 4072 prope
1057 4021 1087 4056 sc
1107 4007 1219 4074 ignora..

112 4082 159 4135 vit
174 4081 290 4146 turpiter
319 4079 446 4133 iusidias·
465 4079 568 4130 dierum
593 4079 664 4129 enirn
683 4078 762 4128 trium
786 4090 840 4128 non
859 4074 972 4142 amplius
992 4076 1024 4127 ab
1041 4077 1108 4128 urbe
1120 4077 1219 4130 Adria

111 4151 226 4222 nopotis
250 4151 328 4206 abest
356 4150 523 4207 ἰειοιιιλλοι
542 4157 623 4233 atque
640 4157 791 4218 postquam
802 4163 858 4200 rem
876 4149 1023 4218 cognorit,
1043 4149 1173 4263 dissoluto
1191 4155 1220 4202 ot

585 4354 598 4378 Q
