2967 4825
378 316 382 322 ’
439 363 470 386 -,
539 309 747 382 nrsromr.
912 290 933 404 f
1122 306 1194 391 αττ

41 529 45 536 ,
108 469 162 532 τόν
192 467 330 553 Μιχαὴλ
353 472 446 536 τοῦτο
475 477 657 560 πεποί·ηκευ
709 477 778 541 ἀλλ’
824 479 1114 562 τ’παναγνασθὲν
1098 505 1132 547 εν
1158 485 1197 570 ’τῇ

108 563 242 658 ἐκκλησίαι
263 573 304 633 ου’
324 568 422 653 μόνον
444 575 662 699 εὐχαριστίαν
674 577 732 641 οόκ
753 570 901 698 ἧνεγκεγ,
922 579 1002 644 α’λλό
1028 607 1082 648 και
1104 577 1198 668 όβριν

108 671 183 759 edroi
203 669 283 757 πρὸς
303 673 428 740 πάντων
449 677 504 740 καί
523 677 757 760 αὐαισχόντους
780 678 889 767 φανός
913 686 1106 770 προεξόνησε.
1142 686 1199 751 καί

107 765 307 856 όΒρυέννιος
339 778 374 840 δὲ
405 782 538 843 τοιαῦτα
575 779 674 844 πολλὰ
711 783 934 863 διεπέμψατο·
988 786 1056 848 a’tt’
1088 786 1197 860 ου’δείς

30 898 31 905 “
83 879 297 958 5οιροσίσχενΙ
289 881 424 959 αὐτοῖς,
454 881 557 946 καίτοι
594 887 651 966 τῆς
680 882 799 959 πόλεως
827 888 930 968 α’γχουΙ
960 889 1194 968 καθισταμένου
1241 923 1246 930 1

105 974 194 1040 αότοό
215 975 248 1042 ἐν
267 979 370 1063 ι’σχόι,
394 980 449 1045 καί
470 985 649 1064 δυναμένου
671 992 735 1060 τοῖς
758 981 848 1052 ἔνδον
863 991 1113 1072 παραβοηθῆσαι
1135 1011 1195 1052 τα-

102 1081 198 1162 χέας,
230 1083 261 1145 εἰ
284 1079 362 1165 πρὸς
385 1077 484 1148 αότόν
507 1085 711 1151 τίποκλίνοιευ.
769 1077 849 1152 όπου
873 1090 908 1153 δὲ
930 1087 963 1154 τό
989 1095 1077 1154 θεῖον
1099 1111 1196 1154 συνε-
1240 1119 1253 1140 ·

103 1183 253 1247 αινὲνευκε
276 1183 331 1247 διό
354 1181 412 1268 την
435 1187 549 1250 εοότου
570 1186 686 1270 α’ρετηυ
708 1191 765 1252 καί
790 1191 999 1276 χρηστότητα,
1021 1187 1121 1256 ἐκεῖσε
1142 1187 1197 1254 καί

102 1278 198 1363 ἧττόν
219 1283 400 1368 ἀνθρώπων
423 1285 516 1370 δρμη(
531 1290 585 1352 καί
604 1292 734 1372 θέλησις
756 1295 905 1376 βέβηκεν,
928 1292 1080 1365 ἀπλανεῖς
1103 1292 1196 1376 ε’χόυ-

66 1397 161 1450 toros
185 1380 259 1460 τοός
282 1389 490 1474 χαρακτῆρας
522 1392 578 1474 τῆς
598 1394 653 1455 τοῦ
683 1390 801 1477 ἀνδρός
822 1392 950 1479 φύσεώς
972 1407 1005 1459 τε
1034 1399 1089 1460 καί
1112 1393 1197 1480 πρό-

30 1566 32 1570 ,
100 1488 182 1560 ξεοε
320 1560 329 1572 ,
1075 1485 1078 1491 ’

192 1590 283 1675 Πρὸς
305 1595 405 1657 ταῦτα
429 1594 544 1677 συνῆκε
564 1597 623 1675 μὲν
654 1595 671 1657 δ
694 1597 827 1718 ζκρρτοῖν
852 1597 1019 1692 ου’όαμυός,
1044 1597 1120 1662 ουδὲ
1139 1595 1197 1671 τός

101 1694 365 1776 ααραδοξοποιιάς
387 1689 508 1772 ταότας
531 1697 577 1772 εἰς
597 1696 716 1761 νοόν’
694 1695 860 1780 ανήνεγκεν
893 1697 1120 1782 ἰσχυρότερον,
1142 1721 1195 1762 και

99 1794 185 1856 θείαν
209 1786 363 1878 duppe*
342 1821 361 1876 η
386 1799 496 1880 κρίσικ
513 1799 576 1861 cciv
610 1791 693 1861 οότοο
715 1800 955 1881 συντρεχόντων
978 1795 1130 1882 ηγησατο·
1140 1822 1197 1883 την

64 1896 274 2016 15ἐπίρροιαν·
317 1894 396 1959 dttd
418 1894 510 1978 μόοον
532 1897 652 1961 ὡσανεί
669 1896 745 1974 τοός
765 1923 819 1983 της
840 1902 981 1973 διανοίας
1005 1896 1197 1984 όφθαλμοός

97 1992 283 2080 ἰταμώτερος
305 2021 371 2071 πως
393 1999 512 2080 ἐγίνετο
534 2024 588 2062 και
584 1995 753 2076 όντίξους
775 2007 843 2076 τοῖς
875 2003 1052 2124 πράγμασι,
1074 2001 1197 2119 μρῖλλον

71 2097 130 2159 δὲ
149 2105 220 2174 ταις
251 2099 285 2162 εἰι
311 2099 370 2161 τοῦ
404 2101 496 2165 θείου
527 2102 744 2181 συμβολικαῖς
763 2101 943 2181 ἐπιδείξεσι.
996 2128 1049 2167 και
1072 2098 1111 2166 τό
1136 2103 1195 2181 μὲν

96 2190 257 2263 δικαίου
285 2203 504 2282 μειρακιωδῶς
537 2205 753 2286 διεσκέπτετο,
791 2206 1017 2288 συντρέχοντος
1052 2205 1085 2267 όν
1116 2204 1197 2268 πᾶσι

96 2296 278 2386 Νικηφόρσυ
299 2305 356 2366 τοῦ
376 2306 547 2385 λογοδὲτου
571 2305 628 2368 rori
657 2306 803 2387 δρόμου,
825 2300 1092 2390 μηχανορρόφοις
1111 2301 1195 2368 τισίν

60 2393 114 2482 lli*
134 2399 343 2487 α’στρονόμοις
358 2404 413 2471 καί
435 2408 603 2491 διοσημίας
622 2403 709 2481 τινός
731 2407 1012 2489 ἐπαγγελλομένοις
1036 2405 1090 2470 καί
1112 2407 1195 2491 α’φι-

95 2503 261 2585 δρυμότων
291 2505 503 2592 προρρήσεσιν
524 2511 559 2571 ἑκ
590 2511 723 2572 τελετῶν
753 2510 959 2592 προσανόχιον
981 2506 1034 2571 καί
1056 2504 1195 2593 δημοκό-

94 2627 159 2679 ποις
180 2599 201 2688 ἢ
222 2608 447 2691 δεισιδαιμοσι,
470 2612 571 2692 λέγειν
588 2613 651 2690 ,νόν
666 2604 811 2693 περιττόν
833 2608 888 2673 καί
908 2599 1041 2694 όικαιρον
1061 2603 1193 2694 ἥγημαι·
1237 2666 1239 2669 .

94 2699 151 2771 όσα
176 2708 206 2770 δ’
230 2710 265 2774 ἐκ
286 2712 343 2774 τοῦ
366 2713 547 2798 προφανοῦς
579 2710 742 2796 ἐτυράννει
775 2708 830 2776 καί
861 2709 1038 2794 βιαιότερον
1069 2704 1092 2795 ἢ
1114 2710 1193 2777 sard

307 2803 319 2827 0

96 3032 147 3068 non
169 3026 226 3070 est:
256 3025 431 3081 praevertens
461 3017 530 3068 enim
549 3018 694 3083 imperator
711 3016 827 3069 llicbael
852 3015 904 3066 hoc
926 3016 1004 3068 fecit:
1029 3018 1076 3068 sed
1092 3033 1195 3069 renun-

61 3091 65 3098 '
96 3091 175 3140 tiatae
191 3090 224 3148 in
241 3095 375 3139 conventu
393 3105 448 3141 non
465 3088 552 3142 solum
573 3096 675 3156 gratum
694 3090 809 3138 animum
827 3102 881 3138 non
904 3087 1032 3151 tulerunt,
1051 3088 1098 3139 sed
1117 3091 1197 3139 ctiam

96 3160 236 3212 ludibrium
262 3160 287 3209 ei
316 3160 349 3211 ab
379 3161 501 3213 omnibus
527 3169 554 3210 et
580 3160 748 3225 impudentes
773 3174 856 3210 voces
882 3158 1068 3209 conciliarunt.
1116 3168 1197 3228 atque

96 3230 246 3298 Biyennius
271 3231 340 3283 tales
368 3233 464 3284 multas
492 3233 577 3283 misit:
612 3231 659 3282 scd
684 3246 762 3281 nemo
797 3246 885 3281 earum
912 3231 1042 3281 rationem
1072 3230 1196 3295 habehat,

97 3318 253 3371 quamquam
280 3318 365 3370 prope
392 3304 482 3355 urbem
512 3303 598 3355 stabat
617 3300 720 3353 validus
742 3310 768 3352 et
786 3310 891 3368 poterat
916 3303 949 3353 iis
967 3303 1012 3369 qui
1031 3303 1102 3353 intus
1123 3310 1198 3354 eraut

44 3388 48 3398 ¹
96 3377 196 3426 auxilio
218 3374 312 3426 venire
333 3376 468 3439 celeriter,
488 3376 511 3427 si
530 3376 563 3426 ad
584 3390 643 3425 eum
661 3373 843 3424 deflecterent.
866 3373 910 3423 ubi
928 3382 1015 3423 autem
1033 3389 1131 3424 numen
1153 3374 1196 3424 di.

96 3449 186 3497 vinum
203 3446 295 3496 adnuit
321 3456 431 3514 propter
448 3447 526 3498 buius
545 3449 677 3514 virtutem·
699 3453 726 3495 et
746 3444 903 3509 utilitatem,
922 3444 988 3495 illuc
1009 3446 1087 3496 etiam
1107 3444 1197 3496 homi.

95 3533 154 3569 nurn
173 3519 288 3584 impetus
309 3528 335 3570 et
353 3519 477 3571 voluntas
501 3518 568 3570 abiit
585 3518 672 3569 firmas
697 3516 851 3568 habentium
871 3518 994 3569 notiones
1013 3525 1124 3569 naturae
1143 3516 1197 3569 viri

96 3598 120 3639 ct
137 3591 261 3642 actionis.

193 3686 266 3738 llaec
286 3688 369 3755 igitur
387 3688 574 3740 animadvertit
592 3690 737 3755 imperator
764 3703 931 3756 nequaquam
949 3702 1038 3756 neque
1057 3686 1124 3738 haec
1142 3686 1196 3737 mi.

96 3759 186 3810 recula
205 3760 237 3811 ad
259 3768 374 3810 mentem
401 3759 495 3811 retulit
520 3760 662 3811 firmiorem
693 3775 781 3827 neque
801 3761 917 3811 divinam
942 3774 1037 3812 vocem
1058 3758 1104 3810 vel
1123 3759 1196 3810 iudi.

97 3834 164 3882 cium
183 3846 290 3894 eorum,
318 3846 385 3899 quae
408 3832 445 3881 ita
473 3832 678 3895 conveniebant,
696 3833 801 3897 putavit
826 3830 962 3893 effluxum,
983 3830 1030 3882 sed
1048 3845 1197 3881 muscarum

96 3905 179 3954 instar
195 3905 291 3954 mentis
317 3902 402 3954 oculis
420 3904 515 3987 magis
525 3903 692 3955 inconsultus
720 3902 802 3953 fiebat
828 3910 853 3952 et
874 3903 1011 3967 oppositus
1029 3901 1118 3964 rebus,
1138 3916 1197 3950 ma-

96 3977 191 4041 gisque
216 3976 331 4038 numinis
358 3975 442 4026 divini
473 3967 627 4040 symbolicis
645 3974 738 4042 signis
784 3980 863 4038 atque
886 3981 977 4022 cetera
995 3972 1110 4038 quidem,
1130 3985 1198 4038 quae

95 4047 253 4098 iuveniliter
274 4033 408 4114 cogitabat
429 4054 605 4098 concurrente
622 4045 649 4095 in
672 4043 792 4095 omnibus
810 4042 963 4108 Nicephoro
984 4042 1122 4109 logotheta
1141 4050 1198 4094 sta-

96 4118 145 4184 dii,
167 4134 225 4170 cum
245 4117 433 4184 impostoribus
453 4126 479 4167 et
497 4119 655 4169 astronomis
677 4124 703 4167 et
723 4116 758 4165 iis
782 4114 826 4181 qui
846 4114 921 4182 signa
942 4112 1071 4165 coelestin
1089 4116 1199 4165 nuntia-

95 4200 154 4242 rent
173 4198 200 4241 ct
218 4192 355 4257 signorum
375 4189 602 4256 praedictionibus
630 4187 774 4242 secundnm
793 4185 970 4236 initiationem
989 4201 1019 4237 se
1045 4186 1199 4239 adverteret

98 4269 123 4313 et
139 4262 316 4332 popularibus
334 4260 515 4314 adulatoribus
535 4270 580 4315 aut
599 4260 807 4330 superstitiosis,
828 4274 953 4313 enarrare
972 4272 1043 4328 nunc
1064 4270 1197 4324 superva-

185 4359 269 4417 titos.
288 4358 371 4414 Anat.
390 4360 458 4415 flor.
981 4355 1012 4408 17
