2967 4825
225 242 316 327 ‘itt
543 238 764 317 ntentans
791 233 1054 329 tunicula

237 438 308 495 ποις
329 410 391 482 καί
402 409 526 498 κτίμεσι
548 407 605 475 τὸν
629 411 699 491 βίον
719 407 918 491 πεποίηνται,
948 426 1002 467 και
998 395 1193 485 διατριβὴν
1209 397 1345 482 ἡδίστην

237 522 293 585 καί
313 514 514 639 ἀπράγμονα
531 512 587 577 και
615 506 793 595 χαρίεσσαν
814 509 915 594 πάντη
939 506 993 569 καί
1022 502 1159 583 εύζωίαν
1178 500 1345 585 ταρίχου·
1409 566 1414 572 ,
1479 492 1480 573 ί

237 644 300 685 σιν.
345 613 374 681 οἱ
401 606 458 679 σύν
479 611 537 698 τὴν
563 606 720 695 Ἰβηρικην
739 611 913 690 οἰκοῦντες,
935 595 1047 689 ανύρες
1066 598 1288 685 α’νύρειύτατοί
1304 622 1342 665 τε
1411 600 1419 611 ”

237 742 326 794 οντες
354 740 407 781 και
403 714 573 798 ἰσχυρῶς
593 711 840 793 παλαμιύμενοι,
871 707 923 771 dcci
947 701 1062 779 ιιαυτός
1083 709 1147 777 τοῖς
1163 697 1344 784 Ῥαμαίοὶς

236 820 484 899 ἀντεπολέμουν,
518 816 574 878 καί
602 812 769 897 καρτερίας
797 806 875 895 ἔργα
906 806 960 871 καί
988 804 1104 890 α’ρετῆς
1136 807 1203 868 κατ’
1231 801 1369 867 αύτοῖνῖι

236 922 474 985 duadaa'xaoaro·
508 938 563 981 και
558 914 749 996 δυσχερῶς
772 910 878 976 αύτοίν
900 905 930 972 σί
946 907 1108 989 Ῥωμαῖοι
1128 909 1266 991 μεγίστη)
1285 901 1346 967 κατ’

236 1020 415 1106 είνυποίστρι
442 1013 561 1100 tripart
590 1015 646 1078 καί
673 1009 907 1096 α’νεκύιηχήτοις
937 1008 1054 1093 ὁρμαῖς
1075 1008 1274 1089 ἐκυρίευσαν,
1298 1024 1344 1077 σος

102 1113 110 1125 ’
135 1177 137 1179 ,
234 1117 292 1185 δια
313 1115 429 1204 χρόνου
452 1114 592 1192 σσονύύς
612 1113 855 1198 ἐπιτελεσθῆναι
875 1115 996 1189 τούτοις
1016 1134 1069 1175 και
1065 1106 1204 1189 α’ναμίξ
1224 1100 1345 1187 σύνβε·

237 1244 289 1287 σιν
314 1224 347 1297 ἐξ
368 1217 608 1305 εἰιιχαμβρείας
637 1217 693 1279 καί
711 1236 877 1297 μετοικίαν
905 1208 985 1298 πρύς
1005 1203 1175 1294 ἀλλήλους·
1219 1202 1346 1271 διὸκαὶ

183 1311 188 1321 ’
238 1320 408 1406 ύμέχας’
393 1346 427 1387 εν
448 1322 617 1403 βασιλεῦσι
649 1319 704 1382 καί
733 1315 942 1395 ιιαναοιύιμος
964 1316 1204 1385 Κωνσταντινος
1227 1316 1345 1392 μοιρσν
1356 1323 1392 1377 10
1480 1308 1481 1315 '

237 1424 298 1487 ούκ
318 1424 500 1541 ἐλαχίστην
510 1420 681 1499 εκείβεν,’
665 1442 700 1483 εκ
720 1418 783 1483 τῶν
802 1411 957 1497 ἑσπερίων
975 1409 1115 1497 Ἰβήρων,
1140 1405 1344 1493 σίαοτεμύμε-

237 1545 291 1598 νος
312 1524 358 1597 είς
379 1520 438 1641 την
457 1517 541 1586 εούαν
561 1520 734 1608 μετῴκισεν
749 1515 782 1583 ἒν
803 1523 867 1597 τοῖς
886 1519 939 1600 τῆς
957 1516 1134 1599 Ἀσσυρίας
1146 1513 1267 1595 μέρεσι,
1289 1534 1346 1575 και

240 1622 344 1690 ἔκτοτε
371 1622 431 1706 τὴν
460 1624 570 1739 κλῆσιν
600 1628 669 1704 τῆς
685 1622 822 1703 Ἰβηρίας
854 1616 876 1701 ἡ
908 1616 1073 1737 δεξαμένη
1093 1617 1223 1689 τούτους
1251 1610 1346 1695 χαίρα

239 1727 428 1808 προσέλαβε
471 1718 626 1807 πρότερον
649 1717 711 1803 yolo
736 1718 905 1837 Ἀσσύριοι
933 1718 987 1781 καί
1014 1712 1130 1798 ταύτην
1159 1702 1261 1799 ᾤκουν
1288 1706 1348 1793 τήν

238 1822 362 1949 χοίραν,
387 1820 495 1942 ἔηειτη
517 1824 641 1906 Μῆδοι,
663 1818 746 1902 μετὰ
766 1820 801 1883 δὲ
820 1820 955 1903 χρόνους
977 1812 1105 1892 ἱκανούς
1125 1837 1155 1879 οι
1146 1811 1346 1899 ‘tapetum-
1357 1826 1394 1881 15

241 1925 297 1991 καί
315 1927 374 1989 ούκ
390 1916 430 1989 da
450 1916 541 2007 εύροι
554 1946 603 1999 τις
624 1922 679 1987 εἰιί
699 1946 763 1987 τιον
785 1944 851 1984 ανιο
870 1915 997 2003 χρόνων
1011 1910 1142 2036 Ἴβηρας
1164 1936 1346 2001 pauperae-2

241 2028 357 2107 μόνους
379 2027 520 2090 ίνταύθα
541 2027 574 2087 ίν
595 2030 745 2097 σαλαιαις
766 2018 932 2106 ἱστορίαις,
953 2022 983 2084 εί
1002 2044 1046 2111 μη
1069 2020 1102 2096 ἐξ
1126 2006 1224 2099 οίννιερ
1249 2018 1347 2081 Κων-

241 2133 402 2208 σταντῖνος
422 2125 552 2199 τούτους
584 2122 702 2188 adstat
734 2121 918 2209 καιιύκισεν.
960 2123 994 2184 ἐκ
1022 2120 1144 2186 τούτων
1163 2109 1228 2202 adv
1254 2112 1346 2199 εἴπερ

243 2222 274 2290 ιί
292 2227 329 2290 εἰς
347 2229 534 2312 τοῦγένους
555 2226 612 2290 τού
636 2227 739 2289 Φωκαῒ
763 2186 933 2307 μετείληξιν
957 2217 1042 2305 εἶχον
1063 2226 1183 2304 μένους,
1206 2214 1248 2294 aig
1270 2240 1346 2299 ομο-

242 2330 358 2413 χοίροον
373 2331 550 2426 yacopcdootv
571 2330 647 2393 νιοτὲ
665 2351 718 2391 και
714 2320 950 2408 αύτοχθύνοον
976 2320 1038 2387 aiud
1059 2346 1144 2447 της
1134 2324 1168 2386 ἐν
1187 2346 1224 2407 ιη
1214 2315 1393 2407 Ῥαίμηςο

112 2449 131 2505 l.
149 2449 233 2505 2151.
243 2434 410 2517 συμφυίας
433 2430 489 2495 καί
514 2430 709 2509 συναυλίας,
735 2430 871 2509 ούύεμία
893 2421 1041 2513 διαφοραὶ
1053 2423 1190 2508 εύχενοῖν
1210 2424 1253 2487 o’u
1257 2423 1349 2486 ἀ’λ-

244 2530 349 2617 tejam
381 2533 437 2597 καί
467 2530 622 2619 οίνύρείοον
652 2529 909 2615 συνεληλυθότων
938 2530 983 2604 είς
1015 2529 1093 2610 μιᾶς
1119 2520 1349 2610 συμνιληρωσιν

245 2633 456 2720 κοσμίοτητος.

247 2955 369 3006 saeuam
388 2959 528 3021 etgratam
546 2955 653 3007 omnino
671 2961 700 3005 et
716 2954 798 3006 vitam
814 2953 956 3006 lautiorem
973 2951 1111 3019 praebent.
1131 2950 1244 3004 iberiam
1263 2951 1347 3020 igitur

247 3023 426 3077 inhabitantes
445 3027 515 3091 riri,
539 3027 677 3080 fortissimi
697 3033 724 3077 ot
740 3025 821 3078 valde
838 3026 950 3089 strenui,
971 3026 1077 3076 omuino
1099 3032 1192 3076 contra
1210 3023 1348 3076 Romanos

247 3095 321 3148 bella
340 3096 479 3165 gerebant,
500 3106 527 3150 et
538 3099 684 3166 patientiae
701 3098 771 3151 lacta
784 3105 864 3164 atque
874 3097 981 3149 virtutis
993 3104 1085 3147 contra
1098 3111 1144 3148 eos
1164 3095 1347 3148 ostendeban-

250 3175 303 3232 tar,
314 3176 394 3236 atqua
411 3177 495 3237 aegre
513 3170 667 3223 iisllomaui
688 3170 800 3222 maxima
820 3176 847 3220 et
864 3168 1028 3221 irresistibili
1047 3169 1156 3223 audacia
1178 3175 1204 3218 et
1224 3167 1348 3234 ingenti-

178 3238 181 3243 “
245 3239 296 3292 ltus
314 3240 417 3294 viribus
436 3243 590 3308 superiores
610 3249 672 3294 sant
693 3242 775 3294 lacti:
801 3242 837 3292 ita
855 3247 886 3292 ut
903 3242 1001 3293 sensim
1021 3240 1159 3306 pactiones
1178 3239 1347 3306 perliceren-

245 3319 289 3362 tnr
306 3310 348 3362 bis
367 3320 394 3363 et
412 3313 528 3364 invicem
547 3315 704 3380 compositio
721 3329 755 3365 ex
773 3311 904 3365 affinitate
924 3319 951 3362 et
968 3311 1069 3365 sedium
1087 3313 1157 3363 iuter
1176 3325 1207 3362 se
1225 3323 1347 3362 commu.

245 3383 336 3434 nione.
375 3383 544 3452 quamobrem
573 3388 652 3436 etiam
676 3399 787 3452 magnus
805 3385 874 3436 iuter
898 3399 977 3452 reges
999 3390 1030 3434 et
1049 3383 1156 3435 omnino
1177 3381 1348 3435 venerandus

246 3453 435 3507 Constantinus
455 3465 557 3522 partem
575 3471 629 3508 non
646 3458 781 3508 minimam
798 3457 861 3508 inde
875 3471 909 3506 ex
925 3454 1046 3507 iberibus
1066 3453 1277 3506 occidentalibus
1296 3452 1347 3504 ab.

245 3527 371 3578 scindens
387 3528 416 3578 iu
442 3528 572 3584 orientem
590 3529 769 3595 transposuit,
795 3534 825 3578 ut
846 3526 996 3581 habitarent
1013 3527 1041 3577 in
1061 3526 1189 3592 Assyriae
1209 3524 1346 3593 partibus:

193 3659 198 3665 ¹
245 3605 327 3682 atque
343 3597 408 3649 inda
427 3614 460 3650 ex
478 3615 511 3650 eo
523 3607 644 3665 tempore
657 3614 753 3650 nomen
766 3599 869 3651 iberiae
887 3606 958 3650 terra
976 3613 1045 3666 quae
1061 3599 1168 3665 excepit
1185 3597 1244 3662 bos,
1264 3612 1348 3649 acce-

164 3679 169 3685 ·
245 3669 295 3734 pit.
315 3676 408 3718 antea
414 3669 483 3719 enim
492 3669 597 3746 Assyrii
613 3679 644 3722 et
662 3670 730 3722 hano
746 3669 900 3722 incolebant
917 3677 1031 3733 terram,
1051 3669 1148 3721 derude
1159 3671 1239 3734 bledr
1259 3668 1348 3735 pluri-

244 3738 297 3789 bas
316 3737 480 3822 temporibus
498 3738 698 3806 post'Armenii,
717 3757 807 3809 neque
819 3741 940 3794 inveniat
958 3743 1097 3810 quisquam
1116 3741 1187 3825 qnod
1204 3707 1239 3792 ad
1257 3739 1349 3824 priora

247 3815 368 3876 tempora
385 3810 503 3877 pertinet
512 3811 602 3864 lberes
622 3820 839 3865 commemoratos
859 3812 921 3864 ibi'
914 3829 942 3864 rn
959 3813 1074 3880 antiquis
1093 3804 1223 3876 historiis,
1240 3811 1295 3865 nisi
1315 3825 1349 3861 ex

247 3893 303 3948 quo
320 3897 430 3950 magnus
450 3880 642 3937 Constantinus
664 3884 706 3946 bia
725 3885 762 3936 ibi
781 3885 859 3938 sedes
877 3884 959 3937 dedit.
1004 3899 1037 3935 ex
1055 3883 1097 3937 bis
1115 3885 1198 3952 igitur
1216 3882 1349 3951 siqnidem

248 3954 294 4020 qni
313 3967 329 4003 e
347 3969 448 4021 genera
466 3953 572 4007 l’bocaa
597 3964 673 4008 erant
689 3958 862 4009 mutationem
880 3955 1014 4008 habebant
1031 3956 1149 4039 generis,
1169 3956 1270 4023 qnippe
1288 3969 1349 4006 oum

129 4065 132 4072 .
182 4062 186 4074 ,
248 4027 417 4076 conterranei
435 4036 525 4080 essent
545 4035 572 4079 ct
589 4028 732 4096 indigenae
762 4029 914 4080 allomana
940 4028 1130 4080 coniunctione
1151 4035 1178 4079 et
1196 4040 1348 4078 commora-

246 4095 324 4147 tione
341 4096 417 4149 nalla
435 4098 577 4153 diversitas
594 4099 689 4152 incidit
705 4097 863 4152 nobilium
855 4099 972 4152 invicem
992 4107 1020 4151 et
1036 4099 1155 4165 lortinna,
1176 4099 1223 4168 qui
1242 4113 1349 4152 conra-

246 4169 369 4220 namt
360 4183 389 4220 ra
407 4171 486 4224 nnius
503 4172 725 4238 compositionem
745 4171 856 4225 ordinis.
