2967 4825
177 195 185 210 s
280 222 372 340 ,τοο
594 256 826 326 mcumua·
843 254 1101 351 autumnae
1453 6 1468 453 l

294 430 441 517 σχύντοις
462 430 578 515 δρμαῖς
596 428 673 508 τούς
695 428 880 517 ὁμοφύλους
896 432 1001 511 ,κακῶς
1014 430 1070 493 καί
1089 422 1313 509 ἀπανθρώπως
1335 444 1395 503 με-

294 538 478 617 τέρχονται,
502 528 697 615 ’ἁρπάζοντες
728 536 783 597 καί
811 532 992 613 βιαζόμενοι
1013 529 1051 594 τά
1067 529 1200 603 τούτοις
1224 520 1396 609 προσόντα,

294 637 351 700 καί
371 630 411 697 τά
432 635 495 698 τάν
517 638 676 714 πολεμίων
704 635 839 718 δρῷντος
858 628 892 695 ἐν
913 634 951 718 τῇ
972 632 1038 722 ἰδίη
1057 632 1198 718 κατοικίηι
1216 628 1272 691 καί
1292 625 1396 713 χάρη,

238 802 240 806 ,
294 734 350 800 κατ’
381 739 542 820 μηδεμιᾶς
568 734 755 812 κακοποιύας
786 727 808 818 ἢ
840 737 1089 819 λαφυραγωγιάς
1126 729 1398 815 παραχωροῦντες
1467 746 1469 783 ι

292 847 371 945 τοῖς.
383 840 560 922 λεγομένοις
581 836 753 918 πολεμίοις.
804 834 861 922 ἀφ’
894 818 939 899 ὧν
969 832 1003 899 αἱ
1031 832 1300 915 παλαμναιότιιτοι
1321 822 1422 891 τού-5

293 964 360 1017 τοις
383 940 461 1023 ἀραί
479 938 567 1025 παρά
591 942 653 1003 τάν
669 938 827 1021 ὁμογενῶν
849 940 1061 1024 ἐπιφέρονται,
1082 935 1125 1011 οδς
1144 935 1201 1018 τῆς
1221 926 1313 1016 ἥττης
1336 930 1399 993 αύ-

294 1046 359 1107 τάν
380 1035 489 1107 άνεσιν
519 1044 740 1124 παρεχομένης
763 1038 882 1114 πάσαις
903 1046 973 1113 ταῖς
999 1041 1061 1103 τάν
1077 1037 1244 1119 Ῥωμαίων
1276 1030 1400 1115 κυάμοις
1469 1070 1470 1085 ι

190 1141 193 1148 ’
220 1152 223 1161 “
294 1146 351 1207 κατ’
372 1144 496 1226 χιάραις
524 1142 578 1207 κατ’
603 1142 716 1206 πόλεσι
743 1140 892 1206 τοιούτοιν
915 1141 1072 1227 ,πράξεων
1107 1142 1288 1224 δρωμένων.
1346 1134 1401 1197 καί
1470 1121 1471 1213 l

295 1240 393 1309 πάλιν
416 1242 619 1323 τεθαύμακα,
642 1249 705 1309 τίνι
720 1246 914 1327 θαρροῦντες
934 1239 964 1306 οἱ
978 1243 1038 1307 τάν
1046 1241 1214 1322 Ῥωμαίων
1236 1237 1399 1322 προεστῶ.
1470 1254 1471 1325 η

295 1369 346 1421 τες
364 1342 445 1427 πράς
466 1345 731 1431 ἀντιπαρατάξεις
745 1347 800 1409 καί
818 1348 984 1425 πολέμους,
1005 1344 1039 1407 ἐν
1058 1334 1104 1417 οἶς
1119 1341 1322 1424 ἀγωνοθέτης
1339 1337 1438 1420 cip-1⁰
1470 1334 1471 1359 ³

297 1446 395 1535 ρεπῆς
417 1449 610 1530 καθέστηκεν
631 1444 647 1509 ὅ
672 1446 756 1524 θεός,
788 1444 863 1521 τούς
885 1447 969 1530 ἀμφ’
992 1442 1087 1508 αύτδν
1110 1440 1337 1522 ἑξοπλύζουσιν.
1382 1431 1400 1520 ἢ
1471 1441 1472 1533 l

296 1546 424 1623 πάντας
445 1543 581 1630 οἰόμενοι
601 1546 708 1632 λησειν
728 1546 783 1613 τόν
802 1545 994 1611 ἀνύσιαιιτον
1016 1542 1189 1631 ἀφθαλμάν
1210 1540 1266 1606 κατ’
1284 1543 1401 1622 κλέψαι
1471 1578 1472 1629 ,

296 1648 356 1734 την
381 1650 490 1735 νίκην,
524 1642 568 1725 τάς
589 1673 672 1724 τινος
709 1647 930 1714 οἰκοδεσπότου
957 1644 1002 1732 μη
1035 1648 1307 1730 ε’παγρυπνοῦντος
1336 1648 1402 1717 τοῖς

297 1752 393 1826 ἰδίοις
411 1750 564 1816 otacilio:
615 1750 809 1816 λανθάνουσι
840 1752 874 1815 δὲ
898 1752 935 1813 oo'
960 1747 1144 1830 μόνοντῶν
1173 1747 1227 1813 tut
1247 1754 1316 1822 ταῖς
1336 1742 1401 1826 μά·
1472 1759 1473 1837 l

295 1876 372 1939 χαις
392 1848 528 1917 ἐλπίδων
557 1851 851 1935 ἀποτυγχάνοντες,
883 1847 963 1917 ἀλλά
996 1850 1050 1916 καί
1068 1848 1122 1917 τάν
1151 1853 1221 1932 βίον
1241 1848 1439 1921 δυσκλεάςῑῧ
1472 1870 1473 1911 3

297 1940 568 2039 καταστρέφοντας
584 1952 639 2018 καί
659 1962 724 2028 τοῖς
744 1956 777 2031 ἐξ
791 1953 915 2028 ἀδικάις
934 1954 1219 2038 συμπυριζσμδνοις
1241 1972 1402 2034 προσαπο.

297 2050 468 2136 βάλλοντες
490 2056 545 2118 καί
565 2054 603 2119 τά
619 2051 653 2119 ἐκ
669 2057 800 2119 δικαίαν
813 2052 920 2141 πόρων
940 2058 985 2141 τῷ
1001 2058 1141 2143 δημοσίῳ
1163 2049 1403 2135 περιερχόμενα.

299 2151 396 2239 ἔγωγε
410 2146 469 2221 σύν
481 2158 515 2221 ἐν
529 2161 655 2233 πολλοῖς
674 2154 1056 2241 συνεκστρατευσάμενος,
1078 2157 1137 2220 κάν
1151 2163 1215 2231 τοϊς
1230 2153 1405 2236 βασιλείοις

198 2282 202 2290 ’
299 2256 441 2339 συνεχῶς
455 2256 804 2344 συναναστρεφόμενος,
820 2258 944 2321 ούδέπω
956 2253 1054 2340 ἔγνων
1068 2259 1102 2321 ἐν
1116 2258 1195 2321 πάσι
1207 2252 1328 2338 βουλὴν
1339 2255 1405 2338 θεῷ

299 2348 508 2442 ἀρύσκουσαν,
531 2361 601 2424 ούδ’
615 2360 669 2426 tut
683 2368 915 2445 στρατιωτικοῖς
931 2358 1133 2444 η”ιτολιτικσϊς
1148 2358 1314 2441 πράγμασι
1330 2358 1443 2422 cat-at

298 2475 387 2542 ψεας
409 2463 641 2547 προβαινούσης
661 2455 897 2547 ἢδιιιγνύσειος
919 2462 1090 2544 εύλάβειαν
1112 2465 1404 2544 προεπιμιχθεῖσαν

298 2565 359 2625 τού
379 2560 424 2647 μή
442 2560 509 2638 πούς
530 2586 604 2628 ποτε
624 2561 811 2646 παράνομόν
824 2590 854 2629 τι
874 2564 1145 2650 συναναφαδνεται
1166 2565 1204 2651 τῇ
1223 2564 1327 2649 βουλῇ
1350 2562 1406 2624 καὶ

300 2665 367 2748 θεῷ
387 2663 620 2748 ἀποτρόπαιον·
666 2661 747 2728 ἀλλά
780 2663 816 2729 τὸ
840 2667 904 2730 πᾶν
926 2668 971 2740 εἰς
993 2662 1026 2730 τὸ
1055 2665 1163 2749 κέρδος
1186 2665 1244 2728 τοῦ
1265 2659 1407 2746 βουλεύ-

300 2785 402 2846 ματος
423 2767 574 2854 κιιταντηῖ,
591 2757 650 2830 κάν
664 2761 735 2851 ἱερά
755 2769 961 2851 βεβηλάνται,
981 2759 1038 2832 κάν
1052 2756 1218 2851 άνθρωπσι
1233 2760 1406 2856 βλάπτοιν-Ι

302 3118 378 3160 more
396 3122 427 3160 sc
444 3121 543 3176 gerent
561 3107 589 3158 in
609 3123 656 3160 cua
674 3109 738 3160 rede
761 3116 787 3159 et
807 3115 985 3176 terrenoque
1005 3107 1087 3160 ullam
1105 3108 1274 3160 vexationem
1295 3107 1343 3160 vel
1362 3108 1405 3160 di.

302 3180 454 3247 reptionem
478 3179 634 3248 relinquens
658 3179 779 3233 hostibus
798 3181 843 3248 qui
862 3179 1001 3231 dicuntur:
1028 3180 1097 3231 unde
1123 3180 1237 3231 maxime
1263 3180 1340 3231 dirae
1363 3180 1405 3231 his

302 3266 400 3319 preces
418 3269 434 3303 a
453 3252 574 3320 cognatis
593 3253 773 3319 imponuntur,
795 3253 895 3320 quippe
914 3251 989 3304 clade
1010 3267 1100 3303 eorum
1119 3252 1303 3303 remissionem
1323 3267 1404 3318 prae-

303 3323 386 3375 bente
407 3324 527 3376 omnibus
549 3324 709 3376 Graecorum
728 3326 805 3392 pagis
825 3333 851 3376 et
868 3325 947 3375 terrie
967 3333 994 3375 et
1012 3323 1120 3376 urbibus
1141 3322 1232 3374 talium
1243 3322 1404 3375 facinorum.

304 3403 386 3464 atque
411 3411 502 3448 rnreuo
529 3396 639 3447 miratus
668 3411 748 3459 oum,
783 3410 835 3464 quo
865 3395 969 3447 tandem
1001 3396 1063 3448 ireti
1090 3395 1249 3448 Graecorum
1268 3395 1406 3463 principes
1463 3439 1470 3452 ,

305 3467 339 3518 ad
356 3467 428 3520 acies
449 3475 476 3518 et
495 3466 591 3532 bella,
611 3468 638 3517 in
659 3466 755 3535 quibua
772 3466 900 3519 brabeuta
918 3469 1087 3534 incorruptus
1119 3467 1209 3518 existit
1227 3467 1317 3532 deus,
1343 3481 1406 3519 suot

303 3539 447 3603 instruant,
468 3538 590 3605 prolecto
610 3541 718 3590 omnino
739 3541 901 3606 opinantes,
929 3539 987 3591 iore
1006 3547 1036 3590 ut
1053 3539 1154 3591 lateant
1172 3539 1283 3610 oculum,
1298 3553 1408 3606 semper

303 3608 417 3678 uigilem
437 3618 464 3660 et
482 3611 626 3677 surripiant
650 3611 789 3662 victoriam
814 3619 937 3678 uuquam
963 3609 1146 3679 patrifamilias
1171 3625 1224 3663 non
1249 3610 1407 3680 invigilanti

272 3701 281 3711 „
302 3681 385 3734 rebus
403 3697 459 3733 rem
478 3681 645 3732 familiarem.
683 3683 769 3733 nescii
788 3689 875 3734 autem
893 3698 947 3734 nou
967 3683 1052 3735 solum
1072 3697 1145 3750 spem
1172 3697 1321 3752 pugnarum
1334 3697 1408 3751 per-

302 3751 372 3802 dunt
389 3751 437 3802 ted
455 3752 534 3803 etiam
552 3753 633 3803 vitam
652 3752 802 3822 ingloriose
826 3755 921 3806 liniunt
945 3764 972 3807 et
995 3763 1101 3823 praeter
1127 3769 1158 3805 ea
1182 3770 1251 3823 quae
1275 3755 1410 3807 iniustitia

155 3897 161 3906 Ι
203 3853 208 3856 -
302 3821 452 3888 traduntur,
472 3823 518 3875 rel
538 3839 569 3875 ea
587 3825 728 3889 amittunt,
746 3842 814 3895 quae
833 3829 909 3880 iustis
928 3827 1057 3879 reditibus
1080 3828 1121 3877 rei
1140 3826 1264 3894 publicae
1283 3827 1409 3880 iuduunt,

304 3894 431 3961 equidem
455 3895 555 3964 igitur,
582 3897 628 3964 qui
656 3896 795 3949 multarum
822 3899 1020 3965 expeditionum
1045 3900 1180 3967 particeps
1206 3899 1303 3951 luerim
1329 3908 1357 3950 et
1382 3900 1410 3950 in

306 3966 384 4034 regia
403 3968 532 4020 continuo
552 3970 600 4020 eim
620 3977 751 4035 vereatur,
771 3971 886 4022 nondum
907 3972 1023 4038 cognovi
1048 3973 1075 4022 iu
1095 3970 1215 4023 omnibus
1241 3970 1411 4024 voluntatem

305 4037 358 4088 deo
377 4047 478 4106 gratam
496 4056 586 4110 neque
603 4042 631 4091 in
647 4041 727 4093 rebus
746 4042 905 4094 militaribus
927 4041 971 4094 vel
1000 4042 1127 4096 civilibus
1152 4044 1317 4112 cogitatione
1342 4057 1411 4111 pro-

305 4108 422 4162 cedente
439 4119 485 4162 aut
503 4113 657 4181 cognitione
676 4115 827 4166 cautionem
846 4114 995 4180 admixtam,
1014 4131 1049 4166 ne
1068 4115 1172 4184 quando
1192 4116 1285 4167 iniusti
1305 4116 1369 4184 quid
1383 4116 1411 4166 in

306 4179 424 4240 teredio
442 4192 584 4253 appareret
602 4193 630 4237 et
647 4184 718 4255 quod
735 4186 786 4238 deo
807 4193 879 4240 enat
895 4185 1027 4243 invitum:
1045 4187 1094 4243 aed
1127 4187 1215 4242 omnia
1243 4188 1277 4240 ad
1306 4186 1411 4242 lucram
