2967 4825
431 294 436 304 ·
531 281 778 351 naman.
1150 280 1231 354 ooo

127 448 280 536 πρότερον
302 447 362 536 {adv
391 451 546 532 Σιυθιιιόν
569 456 756 537 ἐπιφέρουσι
777 458 857 536 βίον.
908 456 986 537 παρ’
1009 446 1054 519 ῶν
1074 460 1227 539 νοταληο-
1280 465 1283 485 ‘

126 551 271 632 ζόμτναι,
293 554 348 616 καί
364 550 421 627 τοὶς
443 553 477 615 έιι
498 555 561 619 τῶν
587 556 762 636 βασιλικῶν
791 554 931 636 ταμείων
954 554 1228 637 ἀποστελλομένοις
1277 626 1281 639 Δ,

125 654 255 737 ἐτησίαις
266 653 459 736 ,φιλοτιμίας
483 656 606 741 απουδῇ
624 658 683 718 ταῶ
697 654 884 741 Νικηφόρον
901 653 1146 741 περιεκόπτοντο.
1173 654 1227 721 καί

125 752 203 819 κατὰ
226 753 319 819 τοῦτό
341 778 422 829 τινες
443 758 506 818 τῶν
527 753 680 821 τοιούτων
710 755 829 821 πόλεων
858 758 903 833 εἰς
927 758 1122 824 ἀποστασίαν
1145 760 1227 821 οέπέ-

101 847 248 938 spicum
266 854 321 919 καί
340 856 385 931 εἷς
404 858 440 919 τὸ
465 854 557 932 ἔθνος
580 860 640 922 τῶν
665 854 880 937 Πατζινιίκων
902 859 1126 943 παρήγγελλον.
1150 879 1225 925 σκι-

122 954 261 1039 ψοὶμτνοι
277 958 305 1020 δ’
328 957 357 1021 οἱ
379 956 452 1038 περί
472 955 526 1022 τὸν
547 962 683 1039 βασιλέα
704 959 869 1045 σατράπην
885 968 1009 1025 στεῖλαι
1030 966 1092 1025 τῶν
1113 962 1225 1027 οίιιειο·

122 1055 227 1122 τιέτων
250 1060 340 1147 adipi
353 1107 362 1140 ,
391 1054 532 1140 ἔγνωσαν
553 1057 716 1123 καττπάνω
749 1064 802 1145 τῆς
818 1061 985 1145 Λρίυτρας
1003 1062 1225 1145 χειροτονῆσαι
1285 1120 1287 1127 ι

122 1158 269 1245 Νέστορᾴ
289 1185 359 1225 τινα
384 1162 427 1247 τῷ
447 1163 510 1225 τῶν
531 1164 720 1243 βισταρχῶν
747 1164 806 1243 μέν
825 1160 988 1250 οἷξιῶματι
1008 1164 1225 1247 τετιμημένον,

122 1260 186 1327 α’πὸ
204 1265 367 1345 Ἰλλυριῶν
396 1263 432 1326 δέ
461 1260 494 1325 τὸ
519 1264 606 1344 γένος
630 1264 762 1329 έλιιοντα
790 1264 846 1328 καί
867 1265 980 1329 δοῦλον
1002 1266 1149 1353 πατρῷον
1169 1272 1231 1345 γε-’

83 1360 238 1446 ιθγονότα
261 1366 317 1427 τοῦ
337 1362 570 1444 βασιλεύοντος.
613 1357 650 1427 ὃν
672 1366 727 1427 καί
748 1368 787 1453 τῇ
808 1366 947 1453 τοσαύτη
967 1363 1102 1449 τιμήσας
1127 1364 1143 1429 d
1167 1390 1228 1447 spa

122 1468 256 1531 νικαιῖτα
276 1466 400 1549 κρατῶν
435 1464 538 1550 ἀργῇ,
570 1466 767 1543 ἐξαπέστειλε
796 1464 874 1547 μετὰ
905 1472 998 1532 τινῶν
1017 1470 1224 1551 Λριστρηνῶν

122 1566 386 1649 ὑπισχνουμένων
407 1567 449 1652 τῷ
467 1570 599 1658 βασιλεῖ
617 1564 672 1650 την
693 1570 739 1645 είς
759 1570 868 1633 τοῦτον
889 1571 946 1632 τοῦ
967 1567 1105 1653 ια’στροο
1123 1566 1224 1651 μετοί-

122 1671 224 1733 θιοιν.
269 1665 418 1733 α’πελθῶν
438 1668 491 1747 δὲ,
515 1671 574 1733 ιιαί
589 1693 661 1733 τινα
691 1665 809 1755 χρόνον
831 1666 996 1754 διηνυιιῶς,
1018 1662 1144 1753 εὕρισκε
1166 1672 1225 1751 μὲν

121 1768 198 1844 τούς
219 1772 392 1852 ἐγχωρίους
409 1764 524 1852 μικρόν
538 1795 570 1834 τι
586 1764 717 1855 ἢοιίδὲν
734 1767 792 1855 την
804 1775 863 1836 τοῦ
883 1773 1039 1853 βασιλέως
1060 1774 1123 1835 τῶν
1142 1770 1225 1835 Ῥαι-

24 1950 29 1955 ,
81 1874 226 1951 ιῠμαίων
246 1870 416 1955 κυριότητα
432 1874 738 1958 οέπιστρεφομένους,
762 1875 855 1947 είςδὲ
876 1870 930 1937 τὸν
947 1869 1122 1957 έξιέρχοντα
1145 1870 1224 1935 ταῶ-

121 1995 186 2035 των
211 1969 354 2055 (Τατρύς
384 1972 471 2060 αὐτῷ
499 1971 519 2055 ἦ
552 1975 762 2059 προσηγορία)
791 1972 847 2057 την
878 1976 1024 2052 ἐξουσίαν
1044 1974 1100 2057 τῆς
1121 1966 1252 2059 ῶιιροιςλ.
1264 1986 1315 2043 211
1328 2002 1351 2042 r.

121 2070 301 2170 ὁλοσχερῶς
328 2072 556 2156 α’ναφέροντας.
607 2071 669 2139 εἴτε
700 2076 736 2139 δέ
768 2075 859 2166 φόβῳ
889 2070 1009 2140 τούτων
1040 2072 1056 2139 a‘
1091 2078 1231 2161 ΝέστωρΙ

75 2229 77 2233 ,
122 2176 360 2251 κατασειοθείς,
381 2172 444 2239 εἴτε
464 2177 507 2262 τῷ
529 2174 668 2265 ὁμοτίμῳ
691 2180 749 2242 τοῦ
770 2180 881 2259 γένους
904 2180 957 2261 τῆς
979 2175 1105 2242 ἐκείνων
1127 2180 1225 2262 ε’ραο·

120 2276 192 2352 θείς
213 2280 438 2363 προαιρέσεως,
458 2273 518 2340 εἴτ’
538 2280 572 2341 ἐκ
585 2280 640 2362 τῆς
661 2276 903 2363 καταλαβούσης
921 2276 1017 2343 αὐτὸν
1039 2272 1145 2365 φήμης
1165 2282 1227 2361 δη-

79 2382 216 2464 λθχθεές
236 2378 427 2464 τηνιγνχήν,
450 2373 515 2466 ἥτις
536 2372 575 2463 ἦν
592 2375 636 2455 ῶς
654 2375 713 2463 την
726 2382 827 2454 οιίιιάν
847 2379 951 2444 αὐτοῦ
966 2380 1022 2446 καί
1039 2377 1095 2465 τὴν
1114 2379 1226 2446 οὐσίαν
1301 2447 1314 2460 ,

121 2485 167 2570 τῷ
179 2482 319 2571 δημοσίῳ
332 2484 530 2569 έγγροίφουσι
543 2483 704 2568 προφάσει
718 2486 778 2546 τοῦ
788 2476 830 2566 μη
846 2485 1068 2554 καταναλῶσαι
1081 2481 1114 2546 τὸ
1129 2484 1225 2547 δοθέν

122 2586 212 2672 αὐτῷ
232 2581 367 2668 χρυσίον
386 2585 420 2647 έιι
442 2589 506 2649 τῶν
527 2587 700 2665 βασιλικῶν
719 2586 893 2668 θησαυρῶν
914 2583 959 2657 εἷς
981 2587 1051 2648 δέον
1073 2583 1142 2668 (καί
1162 2583 1223 2669 γὰρ

122 2687 288 2769 δυσμενῶς
309 2681 392 2768 ἔχων
414 2688 494 2770 πρὸς
515 2682 614 2753 αὐτῶν
639 2683 655 2749 ὅ
679 2683 864 2773 Νικηφόρος
895 2682 1030 2770 ἔπραττε
1050 2689 1147 2752 τοῦτο·
1167 2709 1225 2749 ιια-

124 3002 205 3054 etiam
220 3002 304 3066 dona,
331 3016 399 3067 qnae
430 3016 466 3053 cx
489 3000 573 3070 regiis
598 2991 897 3068 thesauris-quotannis
920 2997 1110 3065 mittebantur,
1136 2999 1223 3054 studio

122 3073 270 3141 Nicephori
290 3072 593 3125 circumscribcbantnr:
616 3081 696 3141 atque
715 3071 765 3122 hac
783 3071 887 3124 ratione
900 3070 1047 3122 nonnullae
1066 3070 1156 3122 harum
1176 3087 1239 3123 ur.·

122 3145 197 3198 bium
216 3145 249 3197 od
267 3145 424 3197 seditionem
444 3153 612 3212 spectarunt,
633 3143 709 3196 etad
737 3143 865 3210 populum
883 3141 1084 3195 Patzinacorum
1104 3145 1224 3195 nuntium

121 3217 270 3270 mittebant.
320 3216 453 3281 volentes,
472 3219 516 3285 qui
536 3217 607 3267 circa
630 3231 722 3283 regem
750 3222 839 3278 erant,
859 3222 988 3281 satrapam
1013 3214 1119 3264 mittere
1139 3229 1172 3264 cx
1190 3214 1224 3265 iis

123 3291 171 3360 qui
189 3290 230 3341 illi
247 3291 360 3340 maxime
379 3298 454 3341 erant
468 3289 561 3352 dediti,
580 3295 728 3341 statuerunt
745 3286 909 3354 praefectum
920 3287 1039 3338 Dristrae
1058 3301 1151 3336 creare
1167 3284 1224 3338 Ne,-

123 3371 224 3415 storem
246 3362 386 3430 quendam,
406 3362 591 3413 vestiariorum
605 3359 754 3426 principum
773 3358 902 3427 dignitate
923 3357 1089 3420 honoratum,
1109 3355 1141 3407 ab
1153 3355 1224 3422 lily.

123 3436 172 3486 riis
192 3449 278 3502 genus
298 3434 438 3484 ducentem
458 3441 485 3485 et
503 3448 608 3484 servum
628 3439 766 3499 paternum
786 3429 884 3480 iactum
903 3430 994 3496 regis:
1021 3443 1099 3496 quem
1118 3427 1224 3494 quidem

125 3507 205 3557 etiam
223 3514 296 3557 tanto
316 3504 449 3556 honorans
468 3506 513 3573 qui
532 3512 585 3555 tum
611 3503 757 3570 imperabat
784 3503 915 3569 imperio,
937 3501 1010 3552 misit
1028 3515 1086 3551 cum
1105 3497 1223 3550 nonnul-

26 3608 28 3611 ·
123 3576 160 3629 lis
177 3578 341 3641 Dristrenis‚
367 3578 411 3645 qui
430 3576 623 3644 promitterent
646 3576 705 3644 regi
732 3591 761 3626 se
788 3573 927 3626 castelium
951 3572 1014 3624 huic
1033 3570 1224 3636 conciliaturos

125 3666 195 3703 esse.
241 3665 299 3700 cum
321 3650 344 3700 is
370 3649 480 3702 abiisset
505 3657 532 3700 et
556 3656 659 3716 tempus
685 3647 793 3716 aliquod
819 3646 971 3715 peregisset
989 3645 1050 3708 iter,
1069 3642 1225 3695 inveniebat

123 3721 229 3774 incolas
256 3721 363 3787 paulum
391 3720 436 3772 vel
455 3719 524 3772 nihii
551 3724 624 3788 regis
644 3721 805 3772 Graecorum
833 3725 991 3786 potestatem
1012 3716 1157 3783 respicere,
1177 3713 1225 3766 sed

124 3795 157 3846 ad
175 3796 325 3862 principem
352 3807 427 3845 suom
454 3793 560 3860 (Tatrys
585 3793 610 3840 ei
636 3800 694 3841 erat
716 3794 838 3860 nomen)
856 3791 993 3857 imperinm
1021 3789 1090 3841 arcis
1115 3781 1223 3856 prorsus*
1268 3845 1272 3853 1
1300 3849 1303 3858 ¹
1361 3816 1367 3826 ι

87 3913 92 3922 .
124 3866 247 3918 deferre:
271 3865 330 3916 aive
355 3872 441 3915 autem
466 3872 538 3914 metu
564 3862 657 3913 horum
675 3860 772 3912 Nestor
798 3876 949 3922 concussus
969 3863 1028 3912 sive
1046 3867 1155 3928 propter
1174 3875 1223 3910 ac-

126 3953 205 4007 quam
229 3938 337 4006 generis
364 3935 518 4003 dignitatem
542 3933 648 3984 iilorum
675 3939 766 3998 partes
785 3947 894 3994 amans,
920 3932 978 3982 sive
997 3939 1105 3997 propter
1128 3929 1223 3980 famam

125 4012 160 4062 ad
179 4017 240 4062 eum
259 4007 370 4060 delatam
391 4008 479 4057 animo
498 4013 622 4074 punctus,
648 4018 716 4071 quae
735 4002 840 4053 aiebat:
861 4002 963 4051 domum
984 4002 1041 4052 eius
1061 4009 1087 4052 et
1104 4015 1160 4051 rem
1180 4000 1223 4053 in·-

126 4082 258 4134 miiiarem
277 4079 408 4148 publicari
426 4085 567 4146 praetexto
586 4076 662 4144 quasi
686 4087 740 4124 non
767 4072 940 4139 impendisset
959 4087 1027 4140 quae
1047 4073 1072 4122 ei
1088 4073 1147 4124 data
1167 4077 1225 4124 erat

129 4171 164 4206 ex
188 4154 272 4222 regiis
291 4151 422 4204 thesauris
441 4151 581 4218 pecuniam
601 4147 633 4198 ad
652 4162 696 4198 res
713 4144 894 4202 necessariosa
923 4145 1019 4195 etenim
1038 4145 1146 4196 inimice
1166 4145 1223 4196 dis-

126 4229 232 4297 positus
253 4226 388 4284 adversas,
411 4237 471 4276 eum
494 4219 661 4288 Nicephorus
693 4216 814 4285 putrebat
838 4216 891 4268 hoc
913 4217 1040 4286 turpiter,
1070 4217 1171 4271 invidia
1196 4221 1224 4266 et
