2967 4825
150 291 175 327 „
246 228 301 309 ιι
467 194 474 201 ’
543 225 763 306 mensum
792 220 1051 303 immersu

248 400 370 487 έκείνην
391 398 581 487 προήρχετο.
624 395 679 465 καί
697 391 738 484 ἧν
758 399 937 485 ἐπικρατοόν
963 388 1059 483 ἄχρις
1081 380 1209 481 ἧμεράν
1229 406 1350 461 salsa-

195 529 204 536 *
249 502 396 587 ράνιοντα.
736 500 738 508 ⁴
1096 580 1102 589 ,
1210 498 1214 503 ’

343 601 424 671 Ἀκό
450 606 486 669 δό
512 602 612 689 μηνός
635 603 810 690 όκταβρίου
832 599 920 678 νόσος
952 600 1137 684 ένσκὴψασα
1157 600 1202 686 τῷ
1222 600 1355 680 βασιλεῖ’

249 698 328 791 άχρι
347 705 403 772 τοό
423 707 563 781 ἐπιόντος
581 706 681 788 μαίου
702 703 804 790 μηνός
823 706 1034 789 κατέτρυχεν·
1076 702 1110 767 ἐν
1131 699 1219 787 αδτῷ
1232 701 1268 764 δέ
1288 720 1350 765 κα-

247 806 437 891 τειργάσατο
461 809 572 873 τοῦτον
602 809 658 872 καί
687 812 744 890 τῆς
776 805 919 871 ἐνταῦθα
950 804 1045 889 ζωῆς
1063 802 1285 886 ἀπεστέρησεν.
1328 797 1375 883 ἧὸ

248 911 285 975 δέ
305 902 379 975 όσία
397 906 511 974 τοότου
534 908 593 975 οδκ
613 904 752 992 ἔνθαπερ
775 901 988 991 προσεδόκησε
1013 908 1146 991 γέγονεν,
1169 900 1250 969 άλλά
1273 905 1349 968 δια-

246 1009 373 1086 πόντιος
400 1010 515 1093 α’χθείς
543 1008 599 1076 tut
616 1012 681 1077 τοῖν
710 1010 850 1075 άκατιόον
875 1011 928 1093 τῆς
962 1007 1086 1092 χρυσῆς
1113 1001 1230 1090 πόρτης
1254 996 1349 1087 τ’κτός,

246 1113 324 1195 περί
340 1109 374 1175 τι
392 1106 637 1198 φροντιστήριον
667 1112 715 1178 ἐπ’
748 1108 879 1194 όνδματι
902 1111 958 1197 τοῦ
990 1108 1083 1193 άχίου
1104 1104 1266 1174 Νικολάου
1289 1130 1349 1171 κα-
1415 1154 1424 1171 .

183 1292 186 1296 ἵ
248 1210 460 1296 θιδρυμένον,
482 1208 527 1288 εἴς
549 1236 620 1278 τινα
646 1209 743 1297 σορόν
765 1213 1123 1296 προκατεσκευασμένην
1153 1199 1248 1297 ότέριρ
1273 1208 1349 1275 ἕνα·

113 1338 139 1379 a.
159 1322 238 1379 1067.
248 1307 376 1397 πετέθη,
402 1310 500 1397 ζήσας
521 1315 556 1379 έν
579 1318 620 1404 τῇ
641 1317 788 1401 βασιλείρ
805 1309 942 1399 χρόνους
963 1307 1041 1377 ἑπτά
1065 1312 1121 1376 καί
1140 1311 1242 1395 μῆνας
1263 1306 1307 1388 ἕξ.
1359 1318 1393 1377 10

139 1395 237 1508 ΜΨ
348 1416 420 1479 Καί
439 1419 590 1500 κατίσχον
617 1414 656 1482 τά
678 1419 824 1502 σκῆπτρα
856 1418 910 1499 τῆς
928 1416 1093 1495 βασιλείας
1116 1404 1136 1497 ἥ
1158 1435 1191 1478 τε
1212 1411 1350 1495 σόμβιός

248 1513 348 1582 αότοό
368 1516 510 1582 Eridane
527 1520 582 1583 καί
601 1515 637 1584 oi·
648 1519 771 1593 παῖδες.
822 1516 1129 1603 προκατηοφαλίοθη
1149 1514 1210 1598 γὰρ
1233 1513 1252 1597 ἧ
1274 1513 1350 1581 Av’-

246 1616 366 1703 χοάοτα
383 1615 429 1702 μη
454 1618 614 1704 δευτέροις
645 1620 759 1703 γάμοις
792 1618 1029 1702 προσομιλῆσαι
1060 1616 1270 1703 α’ρχιερατικῇ
1296 1613 1351 1681 κατ’

247 1721 439 1808 συχκλητυτῇ
470 1720 663 1791 συνελεόσει.
717 1710 756 1802 ἦν
796 1716 857 1804 γάρ
888 1724 942 1803 τῆς
974 1716 1111 1785 συνόδου
1142 1712 1350 1802 προεξάρχαν

247 1824 303 1886 καί
321 1816 380 1904 τῆν
402 1822 619 1906 πατριαρχίαν
640 1822 766 1904 κοσμιόν
782 1818 926 1907 Ἰωάννης
948 1820 964 1884 ό
989 1821 1229 1904 ε’πικεκλημένος
1247 1812 1394 1905 Erpa-15

245 1926 362 2001 λϊνος,·
377 1924 412 1985 όν
447 1924 684 2004 Τραπεζοῦντος
715 1925 775 2003 μὲν
798 1922 1001 2007 ὡρμημένος,
1023 1918 1103 2005 άνὴρ
1125 1921 1161 1983 δὲ
1180 1916 1282 2006 σοφός
1295 1921 1351 1985 καί

245 2019 443 2098 παιδεύσεως
475 2022 521 2096 εἷς
552 2014 648 2109 όκρον
681 2020 840 2104 έληλακοός
870 2023 929 2086 κάν
960 2031 1024 2099 τοῖς
1055 2026 1224 2098 πολιτικοῖς
1257 2026 1349 2105 περί·

244 2126 377 2205 βλεπτος
405 2119 543 2207 χτχονιός
571 2122 627 2188 καί
652 2125 769 2210 άρετῆς
792 2119 957 2211 εὐφρόνως
987 2117 1244 2207 ἐπιμελούμενος,
1265 2119 1349 2188 οόστε

244 2231 309 2300 τοῖς
328 2228 502 2307 βασιλείοις
524 2221 572 2291 ἔτι
594 2228 828 2312 ε’μφιλοχοσρυόν
847 2226 903 2292 καί
922 2227 1034 2312 πριότα
1062 2226 1169 2311 φέρων
1189 2219 1277 2307 παρά
1304 2227 1378 2313 τῷ(

244 2328 378 2407 βασιλεῖ
394 2323 452 2410 τὴν
472 2323 651 2410 μοναχικὴν
672 2327 833 2391 πολιτείαν
858 2322 891 2393 όν
911 2326 999 2414 ἀκμῇ
1023 2326 1079 2409 τῆς
1102 2320 1273 2409 εάημερίας
1293 2324 1395 2399 aalma

244 2428 299 2511 τῆς
321 2425 442 2512 ἡλικίας
466 2425 685 2494 άσπάοαοθαι.
707 2427 763 2493 καὶ
790 2427 844 2494 τόν
863 2424 1102 2514 άναχαρητικόν
1120 2426 1190 2508 βίον
1212 2428 1286 2510 περί
1310 2424 1346 2492 τό
1377 2427 1383 2438 “

242 2519 517 2613 Ὀλάμπιονόρος
545 2525 701 2613 ἐλόμενος,
720 2526 835 2618 χρόνον
861 2528 915 2598 ἐπί
943 2527 1064 2614 συχνόν
1091 2520 1132 2612 ἦν
1158 2523 1348 2609 διαλάμπειν

246 2630 293 2698 ἐπ’
319 2631 419 2718 α’ρετῇ
447 2633 503 2696 καί
519 2629 610 2722 φόβην
639 2634 730 2700 θεοῦ.
782 2630 837 2700 καί
865 2631 919 2698 διό
940 2635 1034 2700 τοῦτο
1063 2633 1122 2698 τοῦ
1142 2624 1345 2718 πατριάρχου

249 2942 337 2989 antem
357 2933 446 2988 radica
463 2941 494 2987 ut
511 2935 544 2989 ad
561 2935 714 2988 orientem:
733 2942 762 2989 et
772 2943 801 2989 nt
813 2936 846 2990 ad
862 2935 938 2989 illum
956 2934 1192 3004 progrediebatura
1212 2945 1239 2990 et
1256 2938 1346 2997 domi.

246 3000 359 3060 nubatur
377 3022 426 3074 per
452 3007 510 3061 aliea
532 3009 714 3078 quadraginta.

346 3096 411 3149 lnsle
438 3113 454 3148 a
479 3112 571 3151 mensa
597 3097 707 3151 octobre
725 3098 832 3152 morbus
852 3097 973 3150 incidens
991 3099 1050 3166 regi
1070 3113 1155 3166 usqua
1173 3099 1207 3152 ad
1225 3115 1346 3168 sequen.

249 3177 302 3221 tem
320 3170 417 3220 maium
435 3171 632 3223 menscm⁸eum
652 3170 797 3223 cruciabat.
823 3170 874 3221 hnc
900 3177 988 3222 antem
1012 3185 1104 3222 mense
1130 3170 1248 3222 confecit
1275 3171 1347 3224 hunc

248 3249 275 3293 et
292 3250 400 3294 terrena
419 3242 475 3294 vita
499 3243 625 3310 privavit.
644 3243 714 3294 insta
732 3252 820 3295 autem
838 3244 897 3294 cius
917 3256 970 3293 non
989 3241 1035 3293 ubi
1053 3250 1257 3308 exspectaverat
1275 3243 1347 3304 lacta

246 3322 324 3378 sunt,
343 3313 389 3366 red
407 3321 479 3366 trans
498 3331 571 3366 mare
591 3315 659 3366 latus
679 3313 804 3366 lintribus
825 3322 900 3366 extra
918 3329 1025 3366 auream
1044 3322 1165 3380 portam,
1193 3315 1266 3365 circa
1284 3330 1347 3366 mo.

246 3386 390 3438 naslerium
414 3387 544 3454 quoddam
570 3385 619 3439 sub
645 3387 754 3438 nominc
773 3387 856 3438 sancti
875 3385 980 3439 Nicolai
1001 3386 1134 3436 conditum
1152 3387 1180 3438 in
1200 3385 1346 3454 sepulchro

247 3458 317 3526 quad
336 3457 384 3508 alii
403 3466 482 3509 antea
504 3458 601 3510 lactum
622 3466 687 3521 erat,
706 3459 843 3525 depositus
864 3467 914 3524 cst,
934 3467 1072 3526 postquam
1092 3458 1162 3509 vixit
1178 3459 1206 3510 in
1231 3459 1346 3526 imperio

194 3550 198 3557 ·
247 3543 331 3582 annos
349 3536 452 3595 septem
473 3535 499 3580 et
524 3545 629 3583 menses
654 3545 712 3580 sex.
791 3571 797 3580 ,

346 3599 380 3653 Et
398 3599 571 3652 obtinuerunt
589 3609 722 3668 sceptrum
743 3601 820 3668 regni
839 3616 906 3652 uxor
926 3602 982 3652 eius
996 3599 1115 3652 Eudocia
1135 3609 1161 3652 et
1179 3601 1238 3654 lilii.
1278 3617 1347 3654 con.

248 3672 349 3723 firmata
368 3673 438 3723 enirn
454 3680 653 3740 matusgum,
673 3689 707 3724 nc
726 3672 813 3724 altero
833 3673 999 3724 matrimonio
1020 3673 1246 3742 coniungcrctur,
1274 3689 1347 3740 pun.

247 3743 328 3795 tillcis
348 3744 454 3794 maximi
474 3752 502 3796 ct
520 3744 667 3798 consiliarii
686 3745 894 3796 necessitudine.
934 3751 991 3796 crat
1011 3746 1081 3795 enim
1101 3753 1248 3797 conventus
1268 3746 1347 3813 prin.

247 3829 312 3881 cepa
332 3823 359 3866 et
376 3816 569 3881 patriarchatus
587 3818 669 3870 decus
687 3819 802 3871 loannes
821 3818 979 3884 cognomine
998 3817 1083 3868 dictus
1103 3815 1267 3883 Xiphilinus,
1280 3817 1347 3870 Tra.

247 3894 364 3954 peannte
383 3887 519 3953 oriundus,
539 3888 618 3941 homo
636 3891 743 3957 sapiens
764 3897 791 3944 ‚et
808 3889 1001 3940 institutionem
1025 3903 1149 3940 summam
1168 3889 1298 3956 adeptus:
1321 3898 1349 3940 et

246 3960 274 4009 in
302 3957 382 4009 rebus
410 3958 536 4011 civilibus
561 3959 673 4014 illustris
701 3970 728 4013 et
756 3963 881 4013 virtutem
909 3961 1052 4028 prudenter
1078 3975 1189 4024 curans,
1215 3962 1299 4014 itaut
1319 3963 1347 4014 in

247 4030 323 4097 regia
343 4030 477 4080 etiamtum
496 4047 606 4084 versans
625 4041 652 4084 et
669 4034 769 4100 primos
788 4033 905 4084 honores
924 4040 1061 4099 reportans
1081 4032 1150 4099 apud
1160 4048 1261 4100 regem,
1285 4047 1347 4082 mo.

246 4100 386 4152 nacliicam
404 4102 485 4154 vitam
504 4105 531 4153 in
551 4103 617 4155 flore
644 4105 766 4157 furtunae
786 4107 925 4159 etaetatis
951 4104 1172 4172 amplecteretur:
1199 4113 1225 4155 et
1249 4103 1347 4156 solita.

246 4175 313 4233 riam
341 4174 423 4228 vitam
456 4176 528 4227 circa
554 4175 721 4246 Olympicum
752 4185 868 4230 montem
895 4178 998 4248 eligens
1026 4191 1075 4246 pet
1105 4176 1214 4233 multum
1243 4184 1347 4247 tempus
