2967 4825
543 205 750 275 naman.
935 176 943 202 ‘
1103 204 1218 331 εει

117 364 213 443 χεῖρα
235 352 348 425 τούτου
370 362 497 452 παλίμιρ
518 371 734 456 κραταιοτέριρ
756 372 943 454 πεποί,ηκεν
965 365 1058 439 ούύὲν
1077 376 1137 440 τού
1155 380 1220 459 βα-

117 461 229 535 σιλίοος
252 458 406 546 πρότερον
424 464 527 530 ἀεινύν
543 470 607 530 κατ’
631 467 733 532 αύτού
757 468 986 554 μελετήσαντες
1009 498 1062 540 και
1084 478 1140 560 τῆς
1161 475 1222 542 τού

117 552 154 626 εά
180 563 281 646 ζῆν
265 566 372 653 εκείνφ
410 567 559 692 α’φρρμῆς
586 568 641 634 καί
667 573 840 655 σωτηρίας
861 572 1103 664 φθονήσαντος,
1135 576 1250 646 datit-
1267 583 1356 640 23⁰7

116 663 409 750 προκαταλαβόντος
435 693 493 751 την
524 671 644 735 ἐκείνου
678 673 858 757 θηριωάίαν
889 679 1137 770 φιλανθρωπία,
1162 682 1219 746 κατ’

94 767 263 849 5πρέσβεις
290 768 512 850 ἐκπέμψαντος
541 769 599 852 τήν
620 769 749 856 εἰρήνην
777 774 1164 859 ύιακνγρυκευομύνους’
1122 779 1217 866 αυτῷ,

119 892 170 931 και
201 866 405 952 ἀντάλλαγμα
433 870 549 956 ταύτης
577 871 633 956 τήν
664 875 830 956 Καίσαρος
861 869 962 960 τύχην
987 881 1217 964 προφέροντας,

118 993 170 1034 ινα
199 966 246 1051 μὴ
275 991 310 1032 το
345 971 452 1055 σχῆμα
483 975 545 1038 τάν
580 975 715 1038 πεάιλυιν
757 976 812 1038 καί
838 974 894 1059 τῆς
926 967 1022 1062 αλλης
1051 983 1218 1063 περιβολῆς

118 1067 293 1191 ε’γαλλργήν
315 1094 386 1135 τινα
405 1076 542 1158 ύέξιγται.
586 1076 741 1158 ἐπεκύρου
769 1079 803 1140 δὲ
827 1075 942 1142 τούτου
971 1104 1022 1144 και
1046 1078 1103 1156 τάς
1122 1078 1218 1164 τιμάς

117 1166 154 1248 ἀς
174 1169 251 1248 τούς
272 1178 513 1257 συναραμένους
535 1173 622 1266 αύτῷ
633 1181 788 1264 τετίμηκε,
808 1177 863 1242 καί
884 1182 1061 1265 ἀμνηστίαν
1081 1185 1142 1248 τάν
1161 1207 1219 1248 ue·

80 1274 306 1354 1οπραγμίναν
327 1277 431 1339 κακοῖν
452 1284 680 1360 περιεποιεῖτο,
706 1283 763 1342 καί
792 1283 854 1344 πάν
874 1283 1020 1364 θυμῆρες
1041 1282 1126 1369 αύτῷ
1148 1285 1218 1348 dea-
1279 1312 1282 1318 ·

115 1372 300 1495 πράξασθαι
323 1376 614 1498 κρθυπισχνεῖτο“
598 1402 614 1442 o
635 1376 796 1461 βασιλεύς.
841 1404 856 1444 o
847 1375 958 1446 ‘55
935 1403 1081 1506 ατεγκτρς
1102 1377 1154 1500 ἦν1
1163 1385 1219 1448 κατ’
1260 1409 1265 1422 ·

114 1472 284 1560 ἀτεράμων
302 1479 357 1540 καί
378 1474 602 1572 ύπερήφανυς,
630 1484 684 1543 καί
706 1484 763 1564 τῆς
783 1484 948 1580 βασιλείας
967 1479 1011 1565 μὴ
1033 1480 1222 1606 ἀφιστάμε-

113 1599 165 1652 νος
196 1578 315 1651 πολλὰς
346 1575 479 1653 ἀπειλάς
511 1604 563 1644 και
596 1580 828 1667 θυμοφθόρους
854 1575 1021 1658 ἐπιστολαῖς
1039 1572 1222 1705 ἀντεπῆγε,

115 1701 167 1741 και
162 1675 425 1762 Χριστιανικοις
442 1678 557 1760 αἵμασι
577 1690 683 1764 κρῖναι
696 1682 755 1766 τὴν
775 1682 1015 1769 ἀμφισβήτησιν
1035 1675 1142 1768 ἤθελε,
1163 1709 1217 1750 και

77 1788 106 1841 15
114 1783 227 1863 σαρξίν
251 1781 468 1864 ἀνθρωπίναις
485 1773 604 1865 κύσμού
624 1780 727 1872 ἑαυτῷ
747 1787 951 1870 περιποιῆσαι
972 1783 1143 1867 βασίλειον,
1164 1783 1220 1850 καί

114 1883 222 1946 πάσαν
243 1878 299 1964 τήν
318 1883 419 1945 κτίσιν
440 1885 644 1966 περιάονῆσαι
670 1879 690 1967 ἢ
711 1884 856 1969 δεύτερος
883 1889 1022 1971 φανῆναι
1048 1890 1108 1953 τού
1126 1887 1216 1970 εύγε-

116 1981 270 2057 νεστάτου
291 1984 448 2061 βασιλέως
470 1981 524 2048 καί
542 1983 764 2067 γενναιοτάτου
785 1986 888 2073 ᾑρεῖτο
906 1987 958 2052 καί
978 1983 1216 2072 ἀιεσπούάσζεν,

114 2077 196 2148 ima
219 2084 274 2147 aui
292 2078 400 2165 μάχας
422 2083 627 2167 εύτρεπιζων,
651 2089 706 2150 καί
726 2095 792 2162 τοῖς
811 2085 953 2162 πολίταις
973 2089 1114 2171 χαλεπὰς
1134 2087 1218 2152 ἀπο-

115 2182 343 2265 ταμιευύμευος
356 2180 505 2267 ἀμοιβάς,
526 2188 581 2250 καί
591 2182 679 2251 άπαν
699 2179 878 2270 ἀνατρέψαι
892 2185 926 2251 τύ
939 2185 1116 2276 Ῥωμαϊκὸν
1135 2192 1218 2272 βαρ-

75 2288 256 2367 λθβαρικαῖς
277 2285 495 2369 λογιζόμενος·
520 2286 568 2351 oui
593 2287 648 2352 καί
667 2286 763 2353 πάλιν
786 2288 803 2354 ὂ
825 2289 1034 2375 γαληνύτατος
1056 2287 1219 2372 βασιλεύς,

114 2389 171 2451 καί
190 2377 288 2463 ὅντως
317 2387 467 2474 μαθητής
503 2393 560 2454 τού
593 2387 651 2474 τήν
673 2386 799 2477 εἰρήνην
820 2390 1033 2476 βραβεύοντος
1060 2395 1218 2474 βασιλέως

114 2487 171 2553 καί
185 2492 355 2571 βασιλεῦσι
375 2489 411 2554 τύ
426 2488 539 2574 κράτος
560 2496 764 2576 παρέχοντος,
787 2488 938 2584 δευτέραν
958 2494 1129 2577 πρεσβείαν
1149 2489 1217 2571 ἀξύ-

84 2653 89 2671 ,
114 2604 235 2673 πεμψε,
258 2587 423 2677 παραινεῖν
455 2591 542 2681 αύτῷ
571 2592 607 2654 τὸ
637 2596 803 2679 συμφέρον
836 2595 1004 2680 φρονῆσαι.
1048 2591 1101 2660 καί
1116 2593 1161 2679 μή
1182 2597 1216 2673 ἐξ
1265 2664 1269 2669 ,

117 2899 183 2953 dere
203 2898 358 2966 sustinebat,
376 2902 404 2953 in
422 2916 527 2953 manum
545 2901 625 2954 huius
651 2900 726 2954 belia
747 2901 911 2955 violentiora
929 2902 1050 2971 redegit,
1068 2917 1127 2954 enm
1148 2899 1218 2960 nihii

119 2988 170 3023 rex
189 2981 268 3026 antea
298 2975 412 3025 immane
431 2976 458 3025 in
484 2989 543 3024 eum
561 2974 701 3025 meditatus
721 2982 794 3025 esset
817 2974 863 3026 vel
882 2974 976 3026 beatae
998 2976 1071 3026 vitae
1091 2976 1116 3025 ei
1135 2989 1217 3027 occa.

117 3045 223 3096 sionem
243 3052 270 3097 at
287 3044 400 3101 salutem
420 3046 571 3109 invidisset,
590 3046 638 3096 sed
655 3047 849 3111 praevertisset
867 3044 941 3096 illius
958 3046 1144 3096 immanitatem
1164 3046 1217 3097 ira.

115 3119 263 3180 munitate,
293 3124 320 3167 et
344 3116 448 3184 legatos
473 3116 590 3168 misisset
606 3132 699 3183 pacem
722 3118 889 3169 nuntiaturos
916 3117 942 3167 ei
962 3124 988 3167 et
1005 3116 1118 3182 pretium
1138 3115 1218 3171 huius

117 3188 250 3240 fortunam
263 3187 385 3241 Caesaris
402 3197 594 3255 proponentes,
611 3201 646 3239 ne
659 3187 777 3239 habitum
791 3188 942 3239 calceorum
960 3194 987 3239 et
1005 3188 1089 3239 ceteri
1106 3189 1218 3241 amictus

115 3262 291 3311 mutationem
314 3259 404 3331 ullam*
419 3261 574 3326 acciperet:
605 3259 777 3312 confirmabat
794 3267 881 3311 autem
898 3258 1071 3311 huius-etiam
1090 3259 1217 3325 honores,

117 3331 215 3399 quibas
233 3331 323 3383 socios
341 3346 403 3383 suos
423 3331 611 3397 honoraverat,
631 3340 658 3384 et
675 3331 839 3383 oblivionem
856 3330 985 3382 factorum
1004 3330 1132 3383 malorum
1150 3346 1218 3399 praa

116 3403 245 3469 ponebat,
266 3410 293 3453 et
312 3404 399 3454 omnia
418 3412 493 3472 grata
511 3420 541 3456 se
567 3406 592 3455 ei
611 3402 793 3471 perfecturam
817 3401 989 3469 promittebat
1004 3418 1061 3453 rex.
1098 3401 1148 3453 ille
1166 3419 1217 3455 au.

117 3482 172 3525 tene
190 3473 365 3526 inexorabilis
392 3484 450 3526 erat
468 3484 495 3526 et
523 3476 603 3527 durus
632 3484 658 3528 et
684 3474 814 3542 superbus
833 3489 956 3541 nequas
980 3488 1065 3541 regno
1085 3474 1217 3528 desistens

116 3546 214 3598 multas
234 3554 261 3597 et
279 3546 388 3598 acerbas
407 3547 535 3613 epistolas
560 3546 722 3614 opponebat,
742 3554 769 3597 et
790 3545 1000 3601 Christianorum
1019 3546 1149 3613 sanguine
1166 3547 1217 3599 de.

117 3634 231 3671 eernere
250 3620 460 3671 controversiam
480 3618 605 3684 volabat,
634 3628 662 3671 et
680 3633 761 3670 carne
780 3616 913 3671 hominum
933 3624 1052 3670 ornatum
1072 3617 1122 3669 sibi
1141 3632 1218 3689 eom-¹

94 3753 98 3760 ⁵
116 3705 213 3759 parare
232 3692 336 3757 regiam
356 3698 382 3742 et
397 3698 478 3743 totam
498 3692 587 3743 sedem
607 3706 703 3743 eruere
731 3705 809 3758 quam
828 3691 960 3743 secundus
979 3705 1109 3757 apparere
1127 3688 1160 3741 ab
1179 3688 1225 3740 il..

117 3760 279 3813 lustrissimo
298 3776 363 3829 rege
383 3770 410 3813 et
427 3761 605 3814 nobillissimo
630 3761 747 3814 malebat
765 3761 951 3830 studebatque,
980 3776 1051 3813 arma
1071 3768 1098 3812 et
1115 3775 1216 3830 pugnas
1281 3792 1283 3796 -

118 3849 215 3885 eurans
243 3842 270 3885 et
296 3832 400 3885 civibus
420 3833 547 3886 difficiles
565 3834 713 3885 recondens
740 3847 856 3900 poenas,
878 3842 904 3884 et
922 3836 1074 3885 universum
1093 3841 1217 3884 evertere
1305 3872 1312 3881 ,

119 3904 299 3956 Romanorum
321 3906 458 3971 imperium
477 3905 589 3957 barbare
607 3905 753 3956 meditans:
773 3903 942 3973 quamobrem
962 3905 1039 3957 etiam
1057 3919 1148 3956 rursus
1167 3918 1217 3970 pa-

118 3977 268 4028 catissimus
288 3993 336 4028 rex
356 3986 382 4028 et
409 3992 506 4029 revera
535 3976 682 4043 discipulus
707 3978 792 4043 regis,
810 3977 856 4044 qui
882 3990 975 4041 pacem
999 3974 1162 4027 administrat
1191 3982 1218 4027 et

117 4048 229 4116 regibus
247 4049 393 4117 potentiam
411 4048 538 4117 praebet,
566 4048 676 4100 aiteram
695 4046 857 4115 legationem
875 4046 965 4110 misit,
984 4046 1128 4099 admonens
1148 4062 1216 4111 eum,

117 4129 147 4175 ut
167 4120 234 4173 utile
255 4122 387 4192 cogitarat
406 4136 478 4173 nere
498 4120 674 4190 imprudentia
698 4119 834 4171 laberetur
855 4117 1052 4185 ineptissimis.
1091 4125 1151 4175 erat
1165 4134 1217 4176 au..
