2967 4825
298 264 375 337 ιοο
590 263 813 332 meniana
843 257 1102 357 ananonn

300 431 357 493 οῦκ
376 430 422 504 εἰς
442 426 568 512 μακρόν
587 423 705 506 ἔτισαν,
727 424 772 510 μη
796 425 984 509 δυνηθέντες
1005 418 1062 506 τὴν
1086 415 1179 485 θείαν
1199 414 1318 500 ταύτην
1339 415 1399 478 αό-

211 523 217 533 ’
299 526 358 613 λὴν
381 531 539 615 σωτηρίας
561 524 638 592 ὁδόν
658 526 713 591 καί
729 525 851 592 εἴσοδον
865 519 990 598 ἑαυτοῖς
1004 521 1202 607 ὑπογράψαι,
1225 517 1280 582 καί
1293 515 1398 599 πόρρω

297 627 414 714 ταύτης
436 629 707 713 ἀποκρουσθέντες
722 630 878 711 τιμωρίας
903 624 1076 700 θεοσόλυιις
1105 616 1288 706 πρεπούσας
1310 617 1399 701 ἠνέγ-

300 752 402 813 καντο,
427 726 505 796 κακοὶ
529 729 639 811 καιρόν
656 727 679 791 ό
700 726 791 811 λόγος
814 727 948 810 δηλοόοει
971 727 1183 812 σαφέστερον·
1241 717 1345 802 ἕτερον
1366 720 1399 782 δὲ

258 818 262 823 x
301 831 396 896 πάλιν
419 829 634 917 παρηνομήθη
656 832 700 916 τῷ
718 832 865 912 βασιλεῖ,
888 821 1118 920 παφλαζοῦσης
1139 827 1193 908 τῆς
1217 815 1321 904 ῦιιμῆς
1343 821 1419 883 τοῦ5

243 939 248 962 “
300 929 467 1011 κινδύνου,
496 935 551 1015 τῆς
576 928 727 1016 τοιαύτης
757 931 889 1003 α’τοπιάς
918 923 1134 992 ου’κίλαττον.
1178 925 1211 988 τί
1233 923 1268 986 δὲ
1292 924 1398 999 τοῦτο’,

300 1035 372 1109 τούς
396 1037 566 1108 δοκοῦντας
589 1033 829 1114 εόπορωτόρους
852 1023 934 1094 εἶναι
955 1030 1018 1094 τοόν
1037 1020 1142 1092 ἄλλων
1158 1025 1267 1101 θείους
1287 1019 1400 1107 σηκούς

300 1136 503 1223 οἷπρσύλησε,
537 1133 576 1198 τό
610 1130 730 1197 τούτων
762 1128 834 1214 ἱερὰ
870 1130 967 1212 σκεύη
994 1125 1054 1194 σῦν
1083 1129 1194 1203 αότοῖς
1219 1134 1284 1201 τοῖς
1305 1126 1400 1197 θείοις

225 1315 229 1321 .
300 1240 496 1320 ευάγγελίοις
518 1232 571 1300 διό
594 1233 650 1300 τόν
670 1234 886 1319 περικείμενον
903 1233 1013 1307 αῦτοῖς
1035 1228 1154 1314 κόσμον
1175 1231 1208 1308 ἐξ
1229 1219 1402 1312 ἐπιτεύγμα-

300 1362 355 1412 τος
377 1337 515 1419 οἷσεβοῦς
546 1333 759 1422 α’φελόμενος,
789 1331 869 1418 μήτε
904 1335 967 1398 τοῖν
989 1334 1045 1418 τῆς
1068 1336 1202 1418 φρικτῆς
1223 1328 1433 1416 ἱερουργίαςίθ

301 1442 357 1507 καί
383 1443 539 1523 μυστικῆς
565 1439 722 1522 τραπέζης
757 1437 973 1518 ἀποσχόμενος
1003 1431 1168 1520 κρατήρων
1199 1424 1220 1516 ἢ
1251 1436 1353 1497 κανοῦν
1379 1427 1399 1518 ἢ

303 1545 420 1606 λοιποῦν
444 1540 735 1625 περιρραντηρίων,
763 1533 843 1620 μήτε
875 1536 1001 1600 πέπλων
1030 1536 1251 1603 καλυπτόντων
1274 1536 1314 1599 τό
1335 1531 1399 1599 ἶλα-

302 1643 418 1726 σιήρια
440 1642 506 1724 μη’τ
529 1635 762 1723 ἄλληςίσκενῆς
783 1639 880 1722 θείαν
902 1636 1098 1720 πραγμύτων
1120 1635 1324 1723 φεισόμενος.
1351 1639 1400 1701 καί

234 1807 240 1816 ,
301 1746 405 1808 ταῦτα
424 1745 467 1831 τρῦ
492 1746 632 1830 παλατίιρ
652 1737 846 1822 μετενεγκών
875 1736 1084 1823 θησαύρισμα
1115 1735 1214 1824 πυρός
1243 1737 1399 1824 καταφλέ-

300 1868 409 1928 γοντος
436 1834 491 1907 καί
518 1845 617 1927 κρίμα
646 1841 790 1906 θανάτου
818 1833 922 1929 ἓαοτρῦ
951 1839 1167 1924 ε’θησαύρισε·
1210 1843 1311 1924 μηδὲν
1341 1837 1396 1923 yria
1407 1849 1432 1900 15

301 1945 499 2027 όπονόμενος
521 1941 554 2022 ἐξ
579 1945 686 2007 αότῶν
717 1935 737 2024 ἢ
760 1937 834 2008 ὅσον
856 1941 994 2024 οἷμοηθός
1017 1943 1186 2017 οἰπαισιόυς
1207 1945 1263 2005 καί
1284 1943 1399 2025 θεήλα-

303 2069 357 2111 τον
383 2043 479 2130 όρμὴν
509 2047 564 2109 καί
592 2042 778 2127 παρακοπὴν
810 2039 1071 2124 ἐπισπάσασθαι,
1105 2040 1160 2107 καί
1179 2035 1280 2106 τᾶλλα
1304 2041 1399 2108 πάντα

301 2152 360 2212 τοῦ
390 2147 560 2230 βασιλικοῦ
589 2147 723 2209 πλούτου
761 2149 830 2226 μετ’
859 2135 940 2230 ἤχου
969 2145 1216 2226 συναπεβόλετο.
1272 2147 1308 2208 τὸ
1342 2143 1397 2226 γὰρ

301 2246 475 2333 πρόσχημα
506 2251 561 2330 τῆς
589 2248 723 2330 οἷποριάς
756 2247 813 2311 οῦκ
834 2240 918 2329 εἶχεν
950 2249 1037 2335 αότρῦ
1056 2243 1338 2328 συμβαλλόμενον,
1358 2239 1399 2310 ότι

301 2350 357 2413 κατ’
371 2345 491 2433 χρυσός
515 2348 601 2437 αότρλ
624 2353 680 2413 κατ’
700 2342 838 2434 ῦργυρος
869 2351 1166 2430 κατακεκλεισμένος
1188 2348 1244 2413 οόκ
1267 2349 1432 2433 εῦαρίθ-λλ

301 2475 398 2537 μητος
424 2444 472 2533 ἧν.
530 2452 585 2514 καί
612 2450 628 2513 ό
660 2458 730 2532 μετ’
773 2450 868 2516 αότόν
904 2447 1156 2533 βεβασιλευκώς,
1175 2456 1399 2539 περιῃρημένον

277 2586 282 2595 ·
302 2550 431 2617 ἅπαντα
451 2550 507 2616 τόν
534 2555 589 2617 τοῦ
612 2552 766 2617 παλατίοο
800 2556 935 2616 πλοῦτον
962 2551 1066 2638 εύρών
1091 2556 1146 2617 καί
1167 2554 1397 2639 διηρπαομὲνον

302 2648 337 2717 όν
358 2655 403 2739 roi
429 2655 530 2741 καιρῷ
559 2658 612 2737 τῆς
646 2650 868 2739 α’ποκηρύξεως
891 2651 1007 2718 τούτου
1036 2651 1098 2717 καί.
1120 2652 1326 2736 α’πελόοεοις,
1347 2650 1398 2736 την

304 2962 414 3025 luerint,
433 2975 487 3013 non
505 2960 627 3015 valentes
646 2961 763 3012 divinam
783 2960 850 3012 hano
869 2961 959 3014 sedem
978 2960 1071 3015 salutis
1093 2963 1163 3015 viam
1183 2970 1210 3013 et
1227 2962 1325 3015 aditam
1350 2960 1396 3015 sibi

303 3033 470 3098 adumbrare,
492 3042 519 3084 et
538 3033 669 3101 quomodo
688 3032 784 3084 deinde
801 3032 834 3083 ab
854 3032 903 3083 hae
921 3032 1024 3098 repulsi
1043 3033 1173 3085 ultionem
1192 3034 1333 3102 sacrilegis
1352 3050 1396 3100 ap-

302 3114 355 3165 tam
374 3106 613 3176 reportarint2sno
632 3113 754 3173 tempore
779 3104 863 3155 oratio
890 3104 1035 3157 declarabit
1058 3104 1171 3158 'certine
1215 3106 1288 3159 aliud
1314 3114 1396 3157 autem

236 3196 239 3198 “
302 3192 394 3229 rursus
413 3178 513 3229 iniuste
535 3178 632 3228 iactum
651 3185 692 3228 est
710 3192 809 3245 aroge
837 3176 967 3227 fremente
990 3192 1090 3228 summo
1104 3177 1226 3245 periculo
1252 3178 1307 3229 taio
1326 3178 1397 3229 inso-

211 3248 214 3252 ’
305 3247 390 3299 λεαιλιι
407 3263 461 3299 non
488 3250 582 3309 minus.
623 3250 686 3317 quid
706 3248 783 3300 hoc?
804 3247 904 3314 templa
923 3263 991 3316 quae
1010 3249 1279 3302 videbantuaceteris
1296 3251 1395 3311 ditiora,

303 3321 393 3372 divina
412 3320 550 3388 spoliavit,
570 3320 664 3372 horum
683 3336 760 3373 sacra
776 3322 959 3390 instrumenta
971 3313 1029 3370 c'um
1048 3321 1114 3386 ipsis
1133 3322 1231 3375 divinis
1252 3320 1396 3391 evangeliis

303 3401 413 3459 propter
432 3392 619 3443 circumdatum
637 3394 671 3444 iia
689 3399 809 3443 ornatum
831 3407 865 3442 ex
891 3391 1010 3442 mandato
1034 3392 1116 3458 impio
1141 3394 1286 3458 auferens,
1313 3406 1396 3460 neque

302 3463 430 3515 horrendi
449 3465 573 3516 sacrificii
593 3472 619 3514 et
637 3472 758 3515 secretae
777 3478 884 3513 mensae
903 3463 1038 3515 abstinens
1065 3466 1136 3516 vasis
1169 3467 1346 3518 στασιαστής
1374 3470 1397 3513 οι

302 3535 458 3601 aspergillie
478 3536 601 3603 reliquis,
620 3551 709 3603 neque
729 3534 849 3587 vestibus
870 3533 1029 3586 clementiae
1048 3536 1123 3602 signa
1142 3539 1295 3605 tegentibus
1313 3549 1396 3604 neque

301 3604 348 3657 alii
367 3609 509 3674 apparatui·
523 3623 611 3659 rerum
630 3608 779 3659 divinarum
798 3620 926 3672 parcens,
947 3614 1026 3674 atque
1047 3605 1113 3657 haec
1134 3609 1161 3659 in
1181 3610 1306 3676 palatium
1315 3617 1396 3659 trans-

303 3678 395 3727 ferens
419 3678 573 3729 thesaurum
597 3680 668 3744 ignia
694 3677 830 3743 flagrantis
857 3686 884 3728 et
908 3679 1034 3730 indicium
1052 3680 1145 3731 mortis
1169 3682 1220 3731 sihi
1249 3680 1396 3748 congessit:

301 3746 370 3797 nihil
391 3749 460 3798 enim
480 3749 581 3800 fructus
600 3750 708 3815 capiens
729 3748 814 3800 exiis
839 3750 891 3800 nisi
911 3750 981 3818 quod
1000 3752 1240 3803 remunerationem
1261 3752 1396 3803 infaustam

306 3826 333 3869 et
352 3817 469 3870 divinam
488 3822 553 3871 iram
573 3828 600 3871 et
616 3820 746 3872 insaniam
766 3821 950 3885 contraheret,
973 3822 1052 3871 eiiam
1078 3831 1168 3873 cetera
1194 3824 1284 3875 omnia
1308 3824 1395 3891 regia-

308 3905 365 3940 rum
386 3891 538 3943 divitiarum
567 3908 625 3943 cnm
651 3892 767 3944 clamore
793 3893 895 3945 amisit:
921 3900 1087 3959 praetextum
1116 3894 1184 3947 enim
1214 3896 1322 3962 inopiae
1347 3907 1396 3944 non

219 4007 225 4034 ρ
308 3960 424 4013 habebat
441 3963 491 4014 sihi
509 3964 667 4028 obveniens,
688 3966 750 4031 qnia
768 3970 795 4015 et
813 3979 904 4015 aurum
925 3965 950 4015 ei
970 3972 997 4014 et
1015 3972 1153 4033 argenium
1179 3968 1333 4017 immensum
1355 3966 1396 4014 in-

308 4033 383 4084 clusa
403 4043 495 4100 erant,
517 4043 543 4086 et
563 4038 607 4105 qui
629 4044 690 4103 post
710 4051 769 4086 eum
788 4036 913 4103 regnavit
929 4034 1045 4088 subiatas
1065 4052 1156 4089 omnes
1175 4038 1269 4104 palatii
1294 4037 1396 4089 divitias

301 4104 443 4158 inveniens
470 4115 497 4158 et
522 4116 610 4175 raptae
636 4115 758 4175 tempore
786 4108 977 4173 repudiationia
1002 4107 1080 4160 huius
1108 4117 1135 4160 ει
1165 4110 1271 4175 exsilii,
1305 4119 1395 4177 magno

299 4189 357 4232 non
374 4176 526 4236 imminutus
546 4187 587 4234 εει
606 4186 634 4229 οι
649 4180 763 4235 maxime
782 4178 859 4249 regio
878 4178 1008 4239 coneilio:
1026 4180 1074 4239 aed
1091 4180 1215 4252 benignis
1234 4180 1353 4237 manibus
1373 4184 1397 4231 ολ
