2967 4825
438 208 447 222 ’
513 263 722 336 moroan.
839 286 848 303 ·
909 342 916 353 ,
1093 261 1170 336 aar·
1224 309 1232 321 .

88 433 313 525 bottontinum
326 431 369 509 ῶς
390 427 682 516 όπεραναβαιύοκτα
702 431 742 497 τό
766 434 931 516 προσεχῶς
953 420 1176 515 καθορῶμενα,

87 542 134 604 καί
154 536 206 603 τόν
224 532 420 600 διαλεκτικόν
440 528 488 598 ότι
508 535 707 617 διαιρετικῶς
734 535 897 618 ἐπιβάλλει
924 541 990 609 τοῖς
1011 529 1179 615 πράγμασι

87 639 134 704 καὶ
159 635 193 703 τό
224 637 408 722 πρόσφορον·
438 635 589 716 οἷπονέμει
615 634 653 722 τῇ
685 638 750 700 τῶν
785 635 998 716 ὑποκειμένων
1026 631 1179 721 συνοασόρι

87 734 285 824 πραγμάτων,
315 739 371 800 καί
401 732 453 802 τόν
482 731 668 821 ἡνιοχοῦντα
702 739 735 801 όν
763 736 903 813 ἱππικοῖς
939 727 986 800 ότι
1018 731 1179 816 τεσσάρων

68 843 180 914 aionem
195 838 359 930 ἡνιοχείαν
372 842 428 902 καί
448 839 691 922 διακοβὲρνησιν
703 832 933 920 ἀποδείκνυσιν,
954 836 1008 901 καί
1025 833 1079 900 τόν
1101 836 1179 917 δρο-

87 926 140 1027 μέα
160 939 213 1005 διά
237 937 272 1004 τό
297 941 406 1024 τάχος.
438 941 493 1003 κατ’
512 937 568 1003 τόν
589 938 686 1023 άργόν
707 944 762 1024 τῆς
784 938 897 1023 α’ργόας
918 941 1097 1023 συμπαθῶς
1118 961 1178 1001 κα-

88 1045 263 1130 τριτιζετο,
286 1044 339 1106 καὶ
368 1045 425 1125 τῆς
444 1038 639 1129 εόεργεσιάς
661 1041 718 1104 oo's
743 1042 899 1105 ἐδείκνυεν
915 1033 1057 1123 όμοιρον.
1097 1035 1175 1104 εἴπω

87 1169 112 1208 τι
128 1145 255 1224 μεῖζον,
277 1142 332 1207 καὶ
345 1147 444 1226 μέχρι
465 1141 636 1224 βαναύσων
649 1143 773 1225 τεχνῶν
788 1139 847 1226 τὴν
863 1135 1073 1227 όγαθοεργιάν
1094 1139 1178 1227 ἔφη’-
1209 1224 1213 1229 .

87 1251 216 1326 πλωσεν,
248 1237 300 1308 ότι
328 1248 465 1309 κάκεῖνοι
493 1244 531 1331 τῇ
554 1247 696 1335 πολιτείρι
720 1247 777 1309 καί
805 1251 871 1319 τοῖς
901 1242 1082 1327 α’νθρῶποις
1104 1245 1178 1307 δια-

57 1348 199 1424 ιρκουοῶσι
223 1343 263 1410 τά
280 1345 438 1431 χρήσιμα.
481 1350 536 1411 καί
556 1345 663 1424 ἅπλῶς
694 1347 768 1411 θειά
793 1371 840 1422 τις
863 1346 896 1408 ἐν
916 1346 997 1434 τῷδε
1018 1347 1060 1432 τῷ
1081 1349 1178 1427 βασι-

86 1455 129 1510 λεῖ
151 1456 333 1534 περιηχεῖτο
361 1450 506 1530 όπίβασις
528 1451 583 1513 καό
608 1447 699 1532 λόγον
721 1447 923 1533 άνθρῶπινου
950 1449 1067 1512 νικῶσα
1096 1469 1177 1530 προ-

85 1545 205 1633 μὴθεια.

176 1648 295 1733 Οἴομαι
316 1654 352 1716 δὲ
381 1650 427 1728 ῶς.
449 1655 529 1727 τινὲς
551 1655 615 1716 τῶν
642 1652 803 1739 ἀκροατῶν
832 1653 972 1740 λογισμῷ
992 1651 1054 1715 aava*
1076 1673 1178 1737 προο-

55 1781 58 1787 ·
86 1750 295 1832 παλαόσουοιν,
316 1755 571 1837 όγκωμιαστικῶς
591 1757 697 1817 ταότα
711 1755 767 1817 καί
779 1750 825 1838 μή
849 1754 1078 1839 διηγηματικῶς
1098 1776 1179 1837 σογ-

57 1856 240 1938 approperat
249 1875 316 1936 μοι,
333 1853 443 1942 εόνοιλρι
465 1857 561 1937 δῆθεν
581 1858 620 1942 τῇ
637 1851 713 1938 πρός
734 1850 788 1918 τόν
802 1858 974 1936 κρατοῦντα
995 1852 1178 1918 δουλεόοντι

87 1955 189 2018 καθότι
211 1957 268 2019 καί
285 1963 350 2032 τοῖς
371 1949 478 2031 ἄλλοις
496 1959 665 2037 βασιλεῦσι
682 1952 716 2020 τό
739 1958 833 2036 τιμᾶν
854 1955 910 2018 καί
930 1955 1065 2038 δωρεαῖς
1084 1952 1178 2035 άμεό-

55 2065 58 2072 “
86 2042 270 2142 pectorate
291 2060 355 2121 τῶν
374 2053 521 2142 όπηκόων
540 2058 645 2122 arban
666 2059 868 2141 περιεγίνετο.
912 2059 943 2122 ει’
959 2060 1050 2122 τοῦτο
1073 2058 1107 2120 δὲ
1125 2059 1178 2121 ε’ν-

87 2156 234 2239 νοὴσαιεν,
256 2159 314 2222 οόκ
345 2152 384 2222 όν
413 2161 611 2242 διανοηθεῖεν
638 2161 749 2234 καλῶς.
800 2156 834 2223 τό
855 2161 915 2240 μὲν
944 2155 1005 2242 γάρ
1028 2160 1084 2221 καί
1104 2154 1179 2234 τοός

86 2257 184 2343 πρῶην
205 2261 458 2342 βασιλεύσαντας
474 2261 594 2324 εῶνοεῖν
608 2269 675 2335 τοῖς
690 2259 837 2346 ὑπηκόοις
852 2257 906 2323 καί
918 2262 1070 2344 παρέχειν
1082 2259 1178 2341 erisp-

54 2362 181 2443 ρηγεοόας
208 2362 279 2425 ου’ό’
314 2359 412 2441 αότός
434 2363 677 2444 α’παναίνομαι,
698 2365 754 2425 καί
780 2359 947 2442 πολλάκις,
981 2359 1014 2425 ἐν
1036 2351 1082 2436 οἷς
1105 2358 1181 2444 περὶ
1259 2357 1273 2443 J

87 2464 182 2527 αότῶν
202 2467 363 2549 γέγραφα,
388 2462 447 2547 την
471 2462 596 2550 μνήμην
608 2466 662 2548 τῆς
686 2465 791 2527 αότῶν
810 2466 996 2546 περιέλαβον
1021 2458 1175 2545 πράξεως·

85 2558 113 2624 τό
135 2566 162 2627 δ’
184 2566 239 2629 ἐπὶ
258 2567 302 2653 τῷ
321 2563 516 2653 Βοτανειότη
544 2562 578 2629 ἒν
598 2573 666 2641 ταῖς
689 2566 798 2648 τιμαῖς
821 2564 965 2650 καὶτοῖς
987 2566 1050 2627 τῶν
1070 2564 1178 2649 δωρηω

52 2742 57 2751 ’
150 2744 191 2799 15.
209 2743 378 2802 δουλεύοντα
397 2742 427 2799 G.

88 2910 186 2963 sulum
204 2918 234 2963 ut
253 2919 390 2979 expertem
405 2910 560 2964 meliorum:
580 2911 737 2980 prudentem
751 2910 880 2965 efferebat
894 2919 924 2965 ut
943 2908 1051 2964 consilii
1070 2915 1179 2978 speetu-

88 2984 207 3035 tissimum
225 2984 437 3049 instrumentum,
457 2991 484 3034 et
502 2991 681 3037 astronomum
706 2984 776 3036 inter
800 2982 977 3051 philosophos
994 2990 1024 3033 ut
1043 2981 1179 3033 exceden-

89 3061 134 3104 tem
154 3071 221 3123 quae
240 3070 325 3122 prope
343 3064 490 3123 apparent,
515 3064 543 3106 et
560 3055 749 3119 dialecticum,
772 3056 834 3123 quio
861 3054 1004 3107 dividendo
1024 3052 1179 3122 aggreditur

89 3140 128 3177 res
145 3135 169 3177 et
187 3127 412 3180 accommodatum
430 3129 523 3180 tribuit
539 3128 666 3194 potestati
685 3126 936 3193 comprehensarum
955 3140 1054 3189 rerum,
1073 3131 1100 3174 ct
1117 3136 1178 3173 mo·-v

89 3198 228 3249 donatorem
248 3214 392 3267 eqnorum‚
419 3201 623 3268 quiannattuor
648 3214 776 3267 equorum
803 3198 1012 3250 moderationem
1032 3204 1058 3247 et
1076 3193 1178 3262 guber-

88 3270 212 3321 nationem
237 3271 367 3334 ostendit,
394 3279 420 3322 et
444 3287 579 3323 cursorem
602 3277 713 3338 propter
739 3268 928 3334 celeritatem,
956 3277 1036 3336 atque
1061 3266 1177 3318 desidem

79 3351 189 3415 ⁴propter
207 3343 335 3394 desidiam
354 3343 537 3395 misericordia
561 3342 736 3395 miserabatur
764 3357 852 3410 nequo
877 3340 1002 3393 beneficii
1021 3336 1178 3391 ostendebat
1263 3339 1266 3349 '

91 3421 224 3478 expertem.
264 3415 349 3465 dicam
368 3416 431 3482 qnid
449 3417 548 3467 maius:
580 3416 762 3481 etiamusque
779 3415 812 3466 ad
831 3429 953 3465 mannum
973 3424 1054 3477 opera
1071 3408 1178 3461 henefi-

89 3483 205 3535 cicntiam
225 3486 352 3551 extendit,
372 3487 436 3553 quia
455 3487 533 3538 etiam
551 3485 594 3538 illi
614 3486 717 3538 civitati
748 3491 774 3535 et
792 3485 943 3537 bominibus
961 3487 1074 3534 tractant
1090 3480 1175 3532 utilia.

90 3562 162 3621 atque
180 3559 287 3609 omuino
307 3558 398 3611 divina
417 3559 545 3626 quaedam
563 3559 591 3610 iu
610 3558 662 3611 boc
680 3572 747 3624 rege
767 3556 879 3609 sonabat
898 3554 979 3616 elatio
1002 3562 1029 3605 et
1046 3552 1177 3606 rationem

89 3624 213 3680 boninum
231 3644 360 3695 superans
380 3629 530 3681 consilinm.
1140 3650 1142 3653 ·

178 3716 244 3769 Puto
263 3724 360 3781 autern,
381 3718 439 3770 iore
457 3726 487 3770 ut
504 3717 628 3769 nonnulii
643 3718 760 3771 lectores
777 3718 982 3771 ratiocinatione
1002 3717 1113 3785 quadam
1130 3731 1178 3767 rc-

88 3784 220 3853 luctentur,
239 3788 400 3842 laudationis
420 3791 497 3841 modo
524 3790 591 3841 haec
616 3806 705 3858 neque
723 3792 883 3844 narrationis
913 3791 1064 3857 conscripta
1083 3803 1142 3841 csse
1162 3802 1178 3837 a

88 3872 133 3920 mo,
148 3861 356 3913 benevolentiae
376 3861 482 3913 scilicet
508 3878 572 3929 erga
590 3863 777 3928 imperatorem
803 3863 988 3925 inservientia,
1009 3862 1078 3929 qnod
1099 3861 1176 3911 etiam

88 3933 175 3983 ceteris
198 3933 306 4001 regibus
334 3932 429 3983 ornare
456 3941 483 3983 ct
508 3934 584 3985 donis
609 3941 711 3984 mutare
737 3933 918 3985 subiectorum
947 3933 1024 3985 fidem
1052 3933 1176 3983 usitatum

87 3999 173 4053 fuerit:
197 4006 243 4056 scd
270 4006 294 4054 si
319 4004 370 4056 boc
390 4005 562 4073 cogitabunt,
588 4006 706 4058 sortasse
734 4020 789 4055 non
814 4013 888 4055 recte
916 4005 1047 4055 sentient:
1078 4003 1176 4053 etenim

89 4073 157 4124 etiam
176 4075 330 4143 superiores
350 4092 430 4145 reges
443 4077 544 4142 favisse
559 4077 687 4128 subiectis
702 4084 729 4127 et
740 4076 896 4143 praebuisse
912 4075 1044 4126 beneficia
1063 4090 1097 4125 ne
1116 4076 1175 4139 ipsc

88 4144 182 4210 quidem
201 4148 298 4199 intitias
318 4164 367 4200 eo:
386 4156 467 4216 atque
485 4164 567 4216 saepe
585 4150 613 4199 in
631 4149 675 4215 iis,
697 4163 766 4218 quae
779 4148 812 4200 de
831 4147 872 4199 his
892 4147 1175 4214 scripsi,'mentionem

88 4228 169 4270 comm
189 4221 242 4273 ieci
261 4220 393 4274 actionis:
418 4220 576 4273 Botaniatue
603 4227 691 4275 autem
709 4221 737 4273 in
763 4218 908 4277 honoribus
928 4227 955 4271 et
973 4218 1101 4273 donorum
1118 4216 1187 4269 lar.-
