2967 4825
209 327 212 331 <
262 287 337 360 aaa
568 285 787 414 urcuautrs
817 272 1077 352 amaricata

262 453 342 540 γέλιρ
364 419 558 534 προσέκοπτε,
582 454 647 537 θεῷ
666 452 726 531 μὲν
748 447 807 523 τὰς
828 446 927 530 ευχδς
949 444 1084 512 ἐπετέλει
1109 438 1164 506 aaa
1184 463 1266 526 προς
1286 435 1372 504 έκεῖ-

263 577 317 618 νον
339 557 509 674 α’νεπτέρρυ
533 551 588 618 τδν
608 555 698 635 νοῦν,
718 560 784 626 τοῖς
809 554 837 613 δ’
859 546 1007 633 υπηκόοις
1029 543 1086 622 τδς
1108 543 1293 625 εὐεργεσίας
1313 539 1372 604 κατ’

267 652 392 739 δωρεὰς
425 679 478 717 και
500 651 616 735 τιμάς,
646 647 828 736 ποταμηδόν
860 651 1082 735 προσεπέχεεν.
1128 639 1195 710 εἶτα
1226 645 1282 708 κατ’
1311 645 1369 726 τῆς

263 757 481 839 μεσημβρινῆς
505 755 727 837 μυσταγωγιάς
750 745 856 815 εἶτ’
817 775 874 815 ουν
889 747 1131 832 λειτουργίας’
1108 773 1148 830 ορ
1150 750 1287 828 χομένης
1301 767 1367 806 πα-

266 857 418 937 ραχρῆμα
433 855 492 917 τοῦ
506 855 562 938 τὴν
577 850 715 937 ἑωθινὴν
728 854 916 935 τελεσθῆναι
931 849 1122 932 δοξολογιάυ,
1140 847 1197 910 οδκ
1215 842 1393 927 α’πεέχετοῡ
1465 913 1467 934 ÷

261 959 318 1038 τῆς
329 955 375 1030 εἰς
387 950 717 1038 θεὸνπαραστιέσεονς,
730 956 790 1027 ἕως
802 956 857 1016 καί
868 947 948 1035 αὕτη
958 952 1165 1032 συνετελέσθη
1177 948 1276 1030 μέχρι
1287 968 1366 1008 πον.
1465 938 1468 1118 Ι

258 1055 319 1132 Ιτδς
334 1064 401 1131 τοῖς
412 1053 633 1139 ἱερατεδουσιν
649 1056 801 1138 εὐλαβῶς.
825 1053 879 1116 aad
892 1053 929 1116 οδ
943 1051 1040 1131 μόνον
1052 1053 1085 1116 ἐν
1099 1058 1163 1122 τοῖς
1176 1044 1365 1128 α’ναιιτόροις

263 1157 297 1220 τὰ
323 1160 379 1240 τῆς
409 1156 560 1239 τοιαύτης
591 1156 777 1236 θεοσεβείας
803 1154 905 1243 τούτῳ
928 1150 1116 1235 ἐπράττετο,
1150 1146 1310 1214 ἀλλὰκαὶ
1332 1142 1366 1208 έν

263 1267 335 1334 ταῖς
356 1255 531 1341 πανδήμοις
554 1251 679 1339 ἑορταῖς
693 1279 726 1319 τε
750 1259 802 1320 κατ’
822 1251 1055 1338 προελεύσεσιν,
1080 1245 1157 1316 ὅταν
1172 1253 1217 1339 τῷ
1237 1246 1366 1333 μεγοὶλιρ

263 1363 384 1441 τεμένει
406 1361 461 1440 τῆς
484 1361 540 1421 τοῦ
553 1363 640 1421 θεοῦ
660 1356 753 1440 ἆγιάς
767 1361 883 1443 σοφιάς
907 1357 1078 1440 ἐπιφοιτῶν
1101 1347 1140 1437 ἧν
1160 1348 1241 1435 μετδ
1267 1352 1409 1432 dopo-10

266 1464 382 1547 φορέοις
409 1463 464 1523 καί
487 1455 579 1542 δόξης
601 1459 867 1542 ου’ρανοβὰμονος,
893 1450 914 1540 ἢ
936 1459 979 1542 τῷ
1002 1457 1200 1540 α’ποστολικρῖ
1221 1454 1277 1516 κατ’
1304 1473 1367 1531 με·
1469 1475 1470 1492 ¹

265 1561 350 1650 ya'itp
373 1562 447 1646 ναῷ,
472 1552 605 1648 ἢὲτέρρι
626 1561 689 1623 τῶν
712 1556 840 1638 ἔξωθεν.
884 1561 947 1622 ταῖν
972 1553 1032 1640 γοὶρ
1055 1555 1116 1638 πρὸ
1138 1557 1194 1619 τοῦ
1206 1557 1367 1638 βασιλέων

265 1661 345 1745 μετὰ
374 1659 432 1742 τήν
455 1665 513 1723 τοῦ
541 1663 631 1723 θείου
659 1653 844 1742 εὐαγγελίου
866 1654 1039 1740 ἀνάγνωσιν
1068 1654 1367 1739 α’παναχοορούντοον
1470 1677 1471 1682 ’

266 1767 388 1829 ἐκεῖθεν
418 1761 601 1834 σπουδαίως
632 1762 686 1823 ἕπε’
714 1759 885 1844 οἷνακτήσει
913 1762 969 1823 τοῦ
1000 1754 1180 1848 κόπουικαὶ
1212 1747 1367 1818 ἀποθέσει
1471 1776 1472 1853 ρ

230 1903 236 1910 ·
265 1865 321 1946 τῆς
341 1859 373 1926 ἐκ
394 1865 456 1926 τοῖν
478 1859 654 1948 λε’θωνιυαί
671 1863 846 1946 μαργᾰρων
868 1859 1050 1945 βαρυτάτης
1061 1860 1175 1941 σκευῆς
1193 1860 1248 1921 κατ’
1259 1855 1367 1918 α’παλ-
1379 1865 1411 1919 15
1471 1859 1472 1862 ’

267 1967 347 2050 λαγῇ
367 1966 431 2028 τῶν
453 1963 597 2026 α’πλέτονν
618 1960 783 2045 θορίλβονν,
808 1961 904 2036 αὐτὸς
923 1963 1016 2025 ου’δὲν
1038 1958 1180 2026 τοιοῦτον
1202 1981 1276 2022 ποτε
1298 1958 1368 2020 διε-
1472 1986 1473 2030 p

267 2063 422 2147 πράξοντα,
447 2062 580 2126 στ’δὲ
543 2088 597 2144 της
619 2063 710 2137 θείας
733 2067 960 2146 μυσταγωγιάς
980 2060 1036 2146 τη“υ
1058 2057 1184 2126 “stactae
1214 2057 1367 2122 α’νδπαυ-

157 2223 162 2229 .
265 2188 318 2229 σιν
340 2166 393 2228 κατ’
411 2162 539 2249 τρυφήν
559 2167 779 2247 προετίμησεν,
800 2164 869 2255 αλλ’
890 2162 949 2238 ἓυος
974 2169 1083 2239 τέλους
1103 2165 1156 2244 τῆς
1179 2159 1269 2244 λερᾶς
1299 2164 1368 2221 λει-

264 2269 414 2350 τουργέας
435 2289 576 2348 ευπαγης
600 2267 738 2342 ιστατο,
769 2247 835 2352 θεηλ
857 2268 1062 2347 προσανέχων
1086 2253 1205 2382 ὄμματι
1227 2260 1367 2338 starent,

265 2368 321 2431 καί
339 2366 394 2432 τὸν
416 2368 536 2433 ἐκείνου
558 2364 816 2453 α’πομιμοιῐμενος
841 2363 936 2447 ἔλεον
957 2369 992 2430 ἐν
1014 2357 1061 2440 οἷς
1083 2362 1123 2428 τὰ
1145 2365 1224 2448 γέρα
1240 2386 1292 2426 και
1289 2357 1412 2435 vagao
1474 2403 1475 2445 q

264 2492 359 2549 τιμας
383 2468 528 2553 ε’φήπλου
552 2471 631 2533 πᾶσι
653 2478 719 2544 τοῖς
741 2473 857 2545 πιστῶς
879 2461 1139 2550 προσεδρεύουσι.

368 2573 516 2647 Τοιοῦτος
536 2567 600 2653 γάρ’
619 2564 676 2655 ην,
707 2571 937 2652 εὐσεβέστατος
967 2595 1019 2633 και
1048 2568 1234 2653 πιστότατος
1266 2568 1366 2633 adro-

265 2669 390 2756 κράτωρ
413 2673 468 2736 καί
486 2665 570 2757 τῷ
552 2695 617 2735 οντι
640 2668 871 2757 φιλόγριστος,
906 2668 1162 2758 πραότατόςτε,
1195 2666 1283 2754 εἴπερ
1315 2693 1366 2745 τις

177 2832 186 2841 ’
339 2846 380 2900 12.
400 2848 540 2918 βασιλέως
559 2846 589 2901 G.

267 3011 348 3083 gebat
364 3012 494 3065 animum:
516 3012 644 3064 subiectis
662 3019 750 3063 autem
768 3011 900 3063 beneficia
919 3019 946 3063 et
963 3012 1032 3064 dana
1051 3020 1077 3064 et
1091 3010 1206 3065 honores
1225 3012 1302 3065 fluvii
1320 3013 1367 3065 in.

267 3094 321 3139 star
341 3084 505 3136 effundebatz
526 3084 621 3139 deinde
632 3084 709 3135 etiam
724 3084 846 3135 meridiei
860 3084 1010 3135 initiatione
1024 3084 1135 3149 mystica
1146 3086 1206 3137 sive
1215 3085 1366 3138 ministerio

267 3156 358 3209 divino
383 3157 531 3222 incipiente
558 3156 645 3209 statim
670 3163 809 3224 postquam
837 3157 964 3206 matutina
996 3154 1118 3209 absoluta
1143 3164 1182 3208 est
1207 3156 1365 3220 celebratio,

266 3244 321 3280 nou
340 3242 369 3279 se
387 3226 552 3291 removebat,
572 3228 712 3295 quominus
732 3227 782 3278 deo
803 3229 923 3291 adesset,
952 3227 1036 3278 donec
1057 3227 1135 3277 etiarn
1156 3227 1223 3279 haec
1243 3228 1367 3280 absoluta

231 3346 239 3362 ,
268 3306 358 3352 essent
383 3299 491 3350 omuino
512 3315 527 3349 a
547 3298 729 3351 sacerdotibus
748 3300 811 3366 pie.
834 3313 922 3365 neque
951 3298 1036 3349 solum
1056 3299 1083 3349 in
1102 3299 1178 3383 reqia
1196 3299 1257 3351 talis
1276 3300 1366 3352 cultas

266 3371 300 3423 ab
328 3385 360 3421 eo
386 3370 515 3439 agebatur
543 3371 688 3421 sedetiam
716 3371 743 3420 in
763 3368 878 3453 publicis
907 3370 981 3420 festis
1011 3377 1038 3419 et
1056 3372 1181 3436 pompis:
1208 3372 1312 3439 quando
1333 3370 1367 3423 ad

265 3458 387 3511 magnum
414 3441 501 3493 iauum
531 3450 638 3494 sauctae
666 3441 709 3491 dei
734 3442 882 3507 sapientiae
911 3440 1056 3492 accedebat
1081 3455 1139 3493 cura
1157 3442 1319 3505 satellitibus
1338 3448 1367 3492 at

266 3514 353 3584 gloria
373 3512 478 3565 eaelum
491 3521 667 3581 assequente
694 3520 738 3563 aut
756 3513 790 3564 ad
808 3512 990 3580 apostolorum
1014 3528 1136 3580 magnum
1166 3498 1293 3582 templum
1318 3512 1367 3566 vel

265 3586 338 3639 aliud
357 3588 537 3636 externorum.
581 3601 640 3636 cum
660 3584 729 3634 enirn
749 3585 853 3650 priores
882 3600 961 3652 reges
980 3592 1041 3650 post
1059 3585 1143 3636 divini
1164 3586 1300 3654 evangelii
1320 3584 1366 3637 dc-

267 3659 382 3709 ctidnem
401 3656 560 3708 recederent
579 3656 641 3707 inde
660 3655 779 3707 studiose
792 3654 824 3706 ad
842 3656 1010 3707 reficiendam
1031 3656 1248 3723 defatigationem
1269 3666 1296 3709 et
1315 3657 1367 3709 dc-

264 3727 417 3795 ponendum
435 3726 551 3792 lapidum
577 3736 604 3777 ct
625 3728 760 3777 unionum
781 3729 965 3795 gravissimum
994 3736 1146 3795 apparatum
1167 3738 1193 3781 et
1210 3728 1366 3782 liberandas

265 3813 296 3850 sc
315 3798 373 3848 ab
365 3813 494 3848 immensa
512 3794 606 3861 turba,
626 3799 685 3864 ipae
704 3797 771 3849 nihil
795 3798 850 3849 tale
869 3814 982 3867 unquam
1006 3799 1137 3865 perfecit,
1157 3817 1246 3869 neque
1266 3802 1366 3853 divinis

265 3869 400 3935 mysteriis
421 3884 494 3921 suam
518 3835 666 3937 requietem
688 3878 714 3921 et
730 3868 869 3920 mollitiem
897 3870 1039 3936 praetulit:
1067 3866 1113 3924 sed
1132 3872 1267 3940 usquead
1286 3874 1367 3926 finem

188 4006 192 4009 .
266 3942 335 3993 sacri
362 3942 503 3993 ministerii
530 3942 618 3993 firmus
643 3940 777 4005 adstabat,
797 3940 847 3991 deo
877 3942 994 3993 intentus
1013 3941 1092 3994 oculo
1116 3944 1224 3995 immota
1245 3952 1273 3995 et
1290 3944 1367 3997 illius

265 4013 371 4065 imitans
387 4014 604 4065 misericordiam·

364 4110 437 4163 luter
466 4117 535 4178 quae
559 4111 676 4179 iusignia
702 4120 728 4163 et
740 4110 864 4167 bonores
895 4112 990 4165 edebat
1008 4113 1128 4167 omnibus
1147 4114 1199 4166 fide
1218 4114 1366 4167 assidenti..

265 4180 331 4237 bat:
350 4180 413 4235 talia
432 4183 502 4235 enim
522 4192 580 4235 erat
596 4184 731 4250 piissimus
746 4192 773 4235 et
784 4182 926 4239 fidissimus
937 4186 1096 4252 imperator:
1116 4192 1143 4238 et
1160 4200 1267 4261 revera,
1282 4185 1366 4243 Glari-
