2967 4825
261 195 353 302 saea
565 224 786 300 aramma
816 221 1076 298 ammona

278 387 408 479 ὅτιπερ
430 386 580 466 δουκικάς
608 388 712 476 άρχάς
740 390 877 480 ἑχόντων
907 375 1223 458 τοῖνΒοτανειιιτυῖν
1254 387 1314 453 κάν
1350 389 1398 474 τῇ

254 529 257 534 ,
278 488 370 560 δάσει
389 495 444 560 καί
466 489 643 576 διαβοήτων
664 484 764 558 ὄντων
782 496 858 577 περί
875 489 914 557 τά
934 495 1099 576 κράτιστα,
1122 487 1151 556 οἱ
1171 488 1287 554 τούτου
1301 487 1396 570 πρά-

278 617 355 680 γονα
377 595 452 659 οὐδὲ
480 595 680 676 παραστῆναι
690 593 824 669 τούτοις
854 586 1010 676 η’δάνδιντο
1032 593 1088 656 κατ’
1104 589 1191 669 τάξιν
1212 591 1396 674 πληρῶσαι
1469 635 1470 668 ,

283 695 469 780 άπηρετῶν,
499 694 635 781 άφανεῖς
665 684 752 769 ὄντες
783 695 838 759 καί
867 697 950 779 μηδὲ
984 702 1048 768 τοϊς
1069 691 1300 775 εὐτελεστέροις
1320 691 1396 761 ,ταῖν

280 796 471 876 α’ξιωμάτων
492 797 527 859 εἰι
550 793 684 878 τάγματι
707 797 923 883 στρατιωτικῷ
953 793 1214 876 συνταττάμενοι,
1239 792 1309 854 οὐδ’
1335 785 1423 861 ὅτιὸ

278 899 313 963 ὐκ
336 899 391 981 τῆς
413 890 496 973 ἐάας
518 896 711 983 εὐπατρίδης
734 897 751 959 δ
772 893 925 979 βασιλεύς
946 899 1099 983 πέφυκεν,
1119 887 1215 969 αὐτὸς
1237 895 1265 957 δ’
1285 889 1395 960 ἕσπέ-

278 1023 348 1085 ριος
367 997 423 1064 καί
442 993 591 1082 δυσγενής
615 1000 680 1064 ε’στι
704 996 783 1064 κατά
806 996 991 1084 σύγκρισιν·
1046 999 1101 1062 καί
1121 993 1175 1060 διά
1198 996 1294 1059 τοῦτο
1319 1020 1393 1059 κοι.

223 1103 343 1177 ..σούς
364 1096 464 1166 αὐτὸν
489 1098 707 1184 ἐπεκήρυττον
729 1094 876 1180 άπαντες,
904 1104 960 1166 κατ’
979 1093 1061 1188 ὅρκῳ
1085 1096 1394 1184 πληροφορήσοιντες

278 1201 549 1302 μίγριςαῖματσς
579 1204 833 1285 διαγωνίσασθαι
861 1207 929 1266 κατ’
951 1201 1052 1266 αὐτοῦ
1073 1197 1112 1268 τά
1136 1193 1252 1286 εὔορκα
1275 1203 1395 1285 ψηφί-

279 1308 403 1370 σασθσι
425 1305 468 1391 τῷ
492 1303 669 1391 ἐπουρανίῳ
689 1306 822 1383 βασιλεῖ
841 1303 1055 1367 καθικέτευον.
1406 1315 1438 1370 10
1471 1379 1472 1384 1

377 1406 460 1474 Ἀλλ’
484 1403 499 1469 ὅ
522 1401 673 1486 βασιλεύς
702 1400 740 1467 τά
768 1402 849 1488 πρὸς
879 1405 933 1468 τὸν
960 1407 1098 1485 πόλεμον
1128 1403 1308 1490 ἐξαρτάων,
1334 1405 1397 1468 κατ’
1471 1441 1472 1450 ¹

278 1505 381 1580 πάντα
411 1504 493 1572 κατά
524 1503 615 1588 λόγον
647 1502 701 1568 καί
729 1504 844 1588 τρόπον
873 1507 1029 1582 συνέσεως
1059 1507 1252 1590 καταρτίζοσν
1282 1506 1317 1568 ἒν
1346 1506 1395 1592 τῷ

280 1603 431 1696 ἆσφαλεῖ,
452 1607 507 1673 καί
526 1605 676 1689 δυνάμεις
695 1605 876 1688 Ῥωμαϊκάς
896 1607 930 1670 ἐκ
946 1606 1076 1692 Κρήτης
1096 1610 1319 1690 συναθροίσας
1343 1606 1395 1681 εἰς
1472 1590 1473 1666 ί

279 1708 315 1774 τά
337 1706 399 1796 πρὸ
420 1713 475 1794 της
496 1707 616 1782 πόλεως
641 1708 770 1786 πεδίον,
797 1709 852 1770 καί
876 1707 1036 1791 Τούρκους
1067 1705 1393 1789 διαπεραιωσάμενος

280 1809 337 1877 καί
353 1808 599 1894 καταριθμήσεις
620 1816 685 1884 τοῖς
705 1803 824 1873 ἑαυτοῦ
843 1797 1062 1894 στρατιώταις,
1086 1806 1141 1883 οὐς
1164 1808 1179 1872 ὃ
1203 1806 1263 1892 πρὸ
1285 1809 1395 1872 αὐτοῦ
1405 1823 1436 1875 15

263 1906 266 1911 “
280 1911 431 1994 βασιλεύς
445 1910 460 1976 δ
472 1909 610 1993 Μιχαήλ
621 1916 750 1985 πολλαῖς
764 1912 964 1995 ἐπαγγελίαις
976 1911 1031 1976 καὶ
1041 1907 1156 1994 δώροις
1168 1911 1318 1994 ἀμέτροις
1331 1910 1394 1980 οὐκ

283 2010 429 2096 η’δυνήθη
442 2019 617 2094 συμπεῖσαι
640 2014 694 2076 καί
708 2013 885 2096 περαιῶσαι
905 2010 984 2095 πρὸς
1006 2011 1044 2078 τά
1058 2008 1189 2094 ἑσπέρια
1207 2014 1394 2096 (ἐπείθοντο
1473 1999 1474 2044 ³

286 2111 348 2198 γάρ
372 2113 427 2179 κατ’
446 2112 625 2179 ὐπέκυπτον
642 2093 693 2200 τῷ
713 2109 907 2202 Βοτανειάτη
934 2116 1055 2194 μάλλον
1078 2104 1097 2196 ή
1118 2109 1245 2188 ἑαυτοῖς
1267 2111 1311 2188 ὥς
1336 2113 1396 2176 ἕλ-

281 2234 368 2280 κοντι
391 2213 510 2289 πάντας
531 2211 610 2298 πρὸς
640 2211 696 2278 τόν
726 2212 828 2278 πόθον
850 2215 985 2299 αὐτοῦ),
1005 2211 1145 2298 άρχηγόν
1164 2216 1223 2278 τοῦ
1244 2216 1392 2294 πολέμου

280 2318 552 2402 προχειρίσασθαι
586 2318 793 2382 διεσκέπτετο.
845 2311 1102 2390 ἱκανώτατος-,δὲ
1133 2309 1178 2379 οὐν
1207 2318 1391 2396 συμβαλεῖν
1401 2325 1436 2381 20

278 2416 314 2485 τά
334 2420 405 2484 δίον
426 2416 481 2483 κατ’
500 2418 765 2503 κατανοήσασθοιι
787 2408 956 2503 άνθρισπον
978 2416 995 2480 d
1016 2415 1228 2500 Βοτανειάτης
1247 2414 1301 2483 τάν
1323 2442 1393 2482 vor-

278 2525 463 2605 βιλλίσιμον
497 2521 637 2597 Ἀλέξων
655 2516 715 2612 τάν
734 2516 923 2603 Κομνηνάν,
947 2516 981 2595 ὐς
1003 2519 1059 2585 τὸν
1077 2518 1255 2586 Ῥουσίλιον
1286 2521 1321 2583 ἐν
1344 2522 1392 2607 τῷ
1474 2514 1475 2535 i

227 2702 230 2705 η
278 2625 397 2705 θέματι
410 2622 474 2688 τάν
495 2623 712 2708 Ἀρμενιακῶν
735 2620 926 2705 εὐμηχάνως
948 2620 1141 2707 ἐχειρώσατο
1153 2620 1209 2685 καί
1228 2620 1388 2687 διέσωσεν

281 2850 431 2919 guntionis,
450 2849 590 2914 nimirum,
607 2848 674 2901 lieet
700 2849 775 2901 ducis
800 2848 911 2916 imperia
936 2848 1065 2903 haberent
1083 2849 1241 2902 Botaniatue
1259 2849 1287 2902 in
1306 2851 1391 2902 oeci.

190 2940 195 2948 ·
281 2921 361 2973 deute
386 2928 413 2972 et
435 2920 501 2974 clari
530 2928 618 2973 essent
640 2921 668 2972 in
686 2921 822 2984 maximis,
853 2919 931 2972 huius
958 2922 1074 2974 maiores
1101 2938 1136 2973 ue
1158 2929 1246 2977 astare
1277 2921 1389 2989 quidem

282 2992 324 3046 bis
343 2993 463 3060 potuisse
477 3000 503 3044 et
524 2993 642 3050 ordinem
662 2993 773 3059 expiere
792 2992 987 3057 ministrorum,
1007 2994 1114 3061 ignotos
1132 3009 1221 3062 neque
1240 2992 1389 3045 vilioribus

282 3064 386 3135 quidem
412 3064 583 3133 dignitatibus
607 3065 635 3114 in
661 3065 755 3117 ordine
779 3063 888 3115 militari
908 3066 1088 3133 compositos,
1106 3079 1195 3133 neque
1215 3080 1389 3134 cognoscens
1429 3112 1432 3129 ,

283 3151 316 3187 ex
335 3137 438 3187 oriente
455 3135 572 3188 nobilem
589 3152 681 3205 regern
703 3152 779 3199 ease,
804 3134 889 3202 ipsum
908 3144 996 3187 autem
1015 3136 1208 3189 occidentalem
1229 3145 1255 3189 et
1272 3136 1389 3205 ignobi-

281 3206 334 3259 lem
358 3208 569 3274 comparatione:
598 3217 677 3275 atque
698 3215 842 3274 propterea
866 3206 943 3259 simul
970 3224 1028 3259 eum
1047 3208 1221 3275 repudiabant
1247 3222 1341 3260 omues
1360 3214 1390 3259 et

282 3279 452 3334 iureiurando
470 3280 656 3345 promittentes
681 3295 710 3330 se
730 3278 805 3332 velle
832 3280 968 3346 usquead
993 3282 1149 3348 sanguinem
1169 3288 1272 3332 certare
1292 3287 1390 3332 eontra

283 3366 352 3414 eum,
378 3349 525 3401 coelestem
543 3365 635 3417 regem
654 3349 843 3417 implorabant,
863 3358 892 3403 ut
917 3367 984 3419 quae
1004 3353 1036 3405 ad
1057 3352 1238 3404 iusiurandum
1257 3359 1318 3419 apta
1339 3368 1388 3404 es.

281 3429 342 3475 aeut
359 3429 497 3474 statueret.

380 3507 433 3560 Sed
451 3524 499 3560 rer
518 3507 620 3560 beilum
638 3523 735 3575 parans
757 3518 783 3562 et
802 3512 889 3563 omnia
904 3528 937 3562 ex
954 3512 1059 3563 ratione
1074 3511 1231 3578 prudentiae
1251 3512 1391 3564 instruens

280 3586 338 3631 tuto
358 3587 386 3631 et
402 3595 494 3633 manus
513 3580 645 3632 Romanas
665 3598 680 3632 e
700 3582 779 3635 Creta
805 3597 905 3651 cogens
930 3584 958 3634 in
979 3592 1096 3650 campum
1116 3592 1177 3635 ante
1196 3583 1289 3635 urbem
1307 3584 1391 3635 situm

282 3659 310 3704 et
327 3651 425 3703 'furcas
443 3653 618 3705 transducens
642 3659 669 3703 et
688 3669 865 3706 annumerans
891 3656 945 3706 suis
963 3654 1109 3720 militibus,
1129 3671 1196 3723 quos
1216 3655 1321 3724 quidem
1342 3656 1391 3722 qui

281 3728 343 3772 aute
369 3738 428 3772 eum
452 3723 578 3790 regnavit
601 3723 716 3775 biicbael
740 3724 831 3778 multis
853 3727 993 3793 promissis
1018 3734 1045 3778 et
1074 3728 1149 3779 donis
1174 3727 1309 3779 immensis
1331 3740 1390 3778 uon

281 3797 407 3858 potuerat
427 3795 545 3844 excitare
564 3801 591 3845 et
608 3796 782 3847 transducere
809 3797 842 3849 ad
862 3798 1029 3849 occidentem
1058 3799 1202 3867 (parebunt
1221 3799 1291 3850 enirn
1310 3805 1340 3849 et
1358 3814 1391 3850 se

281 3861 459 3917 subiiciebant
477 3862 635 3917 botoniates
653 3869 740 3935 magis
767 3885 843 3937 quam
862 3869 938 3935 ipsis,
963 3871 1127 3923 attrahenti
1146 3885 1237 3922 ornnes
1258 3870 1290 3921 ad
1311 3870 1391 3921 desi-

281 3933 383 3985 derium
403 3937 470 4007 sui),
493 3935 586 3987 ducem
607 3936 673 3989 beili
696 3955 789 3991 creare
809 3940 949 3991 statuebat.
986 3942 1140 4009 aptissimus
1160 3949 1248 3992 autem
1268 3941 1301 3992 ad
1319 3956 1390 3993 cou-

280 4005 430 4058 stitueudas
449 4022 493 4059 res
513 4011 678 4061 necessarias
698 4020 725 4062 at
744 4011 959 4080 cognoscendum
979 4012 1112 4065 hominem
1130 4014 1286 4065 Botaniutes
1305 4012 1391 4064 nobi-

280 4074 412 4129 lissimum
430 4078 556 4132 Alexium
574 4080 756 4147 comnenum,
783 4085 830 4151 qui
853 4082 993 4135 Ruselium
1022 4087 1049 4138 in
1068 4086 1210 4152 provincia
1226 4084 1391 4137 Armeniaca

280 4148 426 4219 prudenter
444 4150 551 4219 subegit
569 4159 596 4204 et
614 4155 735 4208 serravit
752 4156 781 4207 in
810 4157 931 4224 regiam,
950 4156 1059 4225 dignum
1077 4157 1126 4211 tuli
1143 4158 1258 4225 imperio
1278 4156 1390 4211 iudiea-
