2967 4825
412 306 414 315 ’
483 387 486 393 ¹
534 256 759 359 ''nesronsn
1022 368 1025 371 ,
1157 280 1229 362 ον’

102 452 147 539 μὴ
170 449 383 539 προήσεσθαι,
405 454 459 519 καὶ
480 450 577 517 αδτόν
599 448 738 527 σπονδάς
761 455 832 533 μετ’
855 449 976 517 ἐδείνου
996 450 1210 517 συντιθεσθαι

104 555 158 620 καὶ
177 556 236 639 τῆς
255 557 423 638 βασιλικῆς
446 551 591 632 ἐξουσίας
619 551 837 635 μεταδιδόναι.
890 555 945 619 καί
964 552 1210 637 adcrescunt,-

102 656 194 739 μιἀις
219 656 277 721 τάν
305 654 473 741 Κομνηνὸν
494 658 738 740 κατεγδραιρον,
766 653 935 741 κατήγοροι
965 658 999 719 ἐν
1029 654 1134 741 eodeni
1154 651 1210 717 καιΙ

104 756 275 844 συνήγοροι
296 761 351 823 κατ’
374 755 590 841 πραασπισταί
612 754 808 839 δεικνύμενοι
828 760 885 822 τοῦ
907 754 1036 840 α’νδρδς·
1093 750 1128 819 ὃν
1146 750 1207 838 γάρ

80 858 326 943 δὲξομδσασθαι
354 856 460 945 ἔλεγον
491 862 546 925 κατ’
577 852 613 925 οὗ
644 861 702 945 τὴν
729 865 842 949 φιλιάν
861 860 940 944 μετὰ
970 863 1027 928 τοῦ
1050 862 1209 944 βασιλέως

104 961 257 1041 καθάπαξ
293 962 526 1052 α’παγορτδειν,
562 960 664 1052 τοάτιρ
699 959 1007 1049 παριμβεβλημδνας
1043 963 1210 1045 βασιλικῆς

104 1064 197 1142 άξίας
216 1068 417 1147 περιττίθουν
440 1061 541 1148 τιμήν.
584 1066 793 1148 συνεκρότησε
808 1067 844 1138 δὲ
867 1067 990 1142 τούτοις
1014 1062 1106 1149 καὶὴ
1130 1058 1211 1147 πρδς

58 1183 69 1201 ‘
105 1163 226 1241 αάτοάς
244 1162 380 1241 κάθοδος
401 1175 462 1231 τοῖν
484 1166 543 1229 τοῦ
568 1164 773 1250 πατριάρχου
804 1170 959 1249 α’νεψιοδν.
1011 1169 1124 1232 ἐκεῖνον.
1145 1162 1208 1247 γάρ
1248 1248 1254 1255 μ

105 1263 149 1342 οἷς
170 1269 364 1349 πευσόμενοι
384 1264 446 1351 τήν.
462 1268 566 1333 αἰτίαν
587 1270 642 1351 τῆς
677 1266 816 1344 στάσεως
840 1267 1052 1343 καταπτάντες
1074 1270 1107 1345 ἔξ
1128 1266 1212 1330 oino-

64 1370 217 1453 λθστολῇς
251 1372 309 1433 τοῦ
331 1368 506 1453 άρχιτρδοος
530 1372 746 1454 συλληφθεῖσι
774 1368 861 1453 παρά
892 1373 954 1436 τάν
975 1367 1233 1456 στασιαζδντακ(

104 1465 256 1557 ἐῴκεσαν,
278 1472 333 1533 καί
359 1462 432 1553 άρτι
455 1473 737 1555 διαχειρισθῆναι,
761 1470 792 1535 εἰ
822 1470 867 1555 μὴ
892 1469 908 1534 δ
932 1459 1130 1555 πατριάρχης
1151 1492 1212 1533 κα-

103 1567 228 1635 τολθιδν
249 1572 446 1653 συμπυεδσιι
468 1570 590 1647 τούτοις
615 1570 694 1655 πρὸς
716 1570 749 1637 cd
782 1571 979 1657 descriptores.
1030 1572 1134 1655 νυγεὶς
1154 1561 1212 1656 osia

69 1740 72 1749 ς
104 1680 174 1748 τοῖς
196 1671 388 1756 σπλάγχνοις
419 1676 475 1757 τῆς
499 1676 644 1760 φάσεως,
668 1676 738 1739 ἕποι’
753 1678 809 1740 καί
834 1671 1061 1759 πατράδελφος
1084 1664 1123 1757 ἦν
1145 1697 1211 1736 πα-

105 1770 181 1857 τρδς
195 1771 311 1858 μικρὸν
332 1774 488 1861 άποδέιον,
504 1776 560 1839 καί
569 1799 600 1840 τι
618 1775 673 1841 κατ’
687 1778 854 1861 α’ναγιιαϊον
866 1773 1147 1860 ὑπολογισάμενος,
1158 1774 1211 1839 ἳνα

65 1881 96 1935 15
104 1872 151 1957 μή
177 1874 396 1957 διχονοοῦντσς
417 1874 485 1938 τοδ
498 1873 640 1959 πλήθους
669 1873 715 1941 ἔτι
736 1874 777 1940 τά
797 1877 852 1960 τῆς
881 1875 976 1960 δρρῆς
994 1877 1137 1962 ε’κκαυθῇ
1157 1876 1213 1937 κατ’

106 1970 245 2054 πόλεμος
268 1968 424 2059 ἐμφύλιος
445 1974 491 2051 εἰς
512 1973 568 2059 τὴν
588 1981 863 2041 καταστάλλουσαν
896 1977 985 2039 πάλιν
1004 1973 1061 2048 τάς
1083 1973 1210 2046 στάσεις

106 2075 279 2160 ε’γγδυηται,
304 2070 449 2161 πρόεισιν
469 2078 516 2151 εἰς
538 2074 573 2139 τδ
594 2074 690 2160 ἱεράν,
711 2075 767 2141 καί
792 2084 856 2152 τοῖς
879 2072 1007 2150 α’δάτοις
1030 2076 1211 2157 προσκαθί-

106 2185 169 2251 σας
191 2171 275 2243 οὕτω
299 2174 420 2261 κριτάς
436 2179 496 2243 ταῖν
523 2182 698 2262 λεγομένοιν
728 2180 785 2241 κατ’
811 2174 972 2262 διαιτητὴς
1006 2172 1209 2259 ἐχρημάτισε,

64 2380 234 2464 λθχθῆναι
265 2375 319 2444 τὸν
341 2376 509 2467 Κομνηνδυ
542 2383 691 2448 ἐθέλουσι
714 2377 789 2455 dode
810 2377 864 2444 διά
897 2376 955 2463 τήν
978 2377 1041 2442 ταῖν
1061 2370 1212 2440 πλειόνων

106 2477 296 2563 ἀρέσκειαν,
318 2479 370 2547 ba
390 2479 435 2566 μή
456 2479 494 2547 τά
528 2482 582 2569 τῆς
605 2482 785 2557 ἐνστάσεως
804 2481 848 2557 εἰς
872 2477 1037 2566 ε’μφάλιον,
1057 2474 1102 2551 σάς
1123 2471 1213 2540 εἴτιοὲ

106 2603 179 2664 μεν,
199 2581 429 2668 διαποσκήριειε
451 2584 606 2667 πόλεμον,
629 2578 712 2649 οὕτω
734 2581 794 2668 τὴν
813 2579 977 2668 ου’φημιάν
997 2581 1058 2644 τοῦ
1079 2581 1212 2662 Κομνη-
1269 2623 1273 2628 .

107 2685 167 2748 ⁷⁰²3
186 2685 297 2766 μεῖζον
319 2687 422 2771 ἐξῆρε,
445 2693 511 2762 τοῖς
532 2684 671 2771 ἱερεῦσιν
693 2687 795 2750 adeso
815 2684 931 2769 ταύτην
952 2678 1126 2766 καθολικὴν
1139 2675 1213 2745 ἔπι-

185 2852 209 2974 ὲ.
228 2837 438 2980 πρρσῆσάεδαι
455 2853 484 2909 0.
578 2866 585 2870 ·
647 2852 672 2936 ⁷:
691 2855 849 2926 περιετίθει
866 2849 904 2908 02
933 2849 1052 2903 correxit
1067 2849 1227 2929 interpresg

205 2942 280 2979 ,του
299 2940 341 2977 om
383 2963 389 2977 .

20 3145 24 3160 ,
110 3089 188 3144 Senis
218 3081 379 3136 Gomnenum
410 3097 464 3135 non
499 3086 665 3139 concessisse
698 3093 725 3136 et
756 3085 840 3151 ipsum
874 3089 951 3151 pacta
983 3097 1042 3134 cum
1069 3079 1118 3130 iilo
1143 3093 1212 3146 pan.

110 3170 189 3223 gere,
216 3162 242 3204 ct
266 3155 357 3222 regiae
382 3159 522 3222 potestatis
547 3158 702 3224 participem
731 3156 840 3208 iacere:
869 3163 950 3222 atque
976 3155 1069 3206 statim·
1091 3150 1212 3203 laudibus

110 3225 278 3279 Gomnenurn
306 3224 480 3293 honorabant,
504 3237 673 3280 accusatores
693 3227 771 3280 simul
792 3235 818 3277 et
836 3227 993 3278 defensores
1013 3232 1039 3275 et
1057 3238 1213 3291 propugna.

109 3306 187 3349 tores
214 3312 244 3348 se
271 3298 413 3351 reddentes
438 3301 506 3352 viri:
533 3315 610 3369 quern
636 3300 705 3350 enim
725 3315 754 3350 se
774 3298 912 3350 abiurasse
932 3305 959 3348 et
977 3297 1053 3348 cuins
1072 3295 1213 3347 amicitiam

110 3384 174 3420 cum
191 3383 257 3436 rege
276 3372 383 3421 omuino
402 3386 503 3440 negare
521 3372 653 3435 dicebant,
674 3371 736 3422 huic
755 3378 856 3421 mutato
875 3368 953 3420 modo
971 3367 1064 3436 regiae
1075 3365 1213 3433 dignitatis

109 3438 257 3492 induebant
276 3438 414 3493 bonorem.
452 3446 579 3496 convenit
606 3443 745 3496 bisetium
770 3442 871 3494 reditus
899 3439 1017 3492 aiiinium
1035 3436 1211 3506 patriarchae.

109 3511 153 3564 illi
176 3511 244 3561 enim
264 3514 339 3579 quasi
358 3515 492 3581 cognituri
511 3530 616 3567 causam
635 3515 727 3567 turbae
748 3521 920 3566 occurrentes
938 3513 1019 3563 missu
1038 3510 1132 3560 summi
1142 3523 1213 3574 pon..

109 3581 194 3635 tiiicis
214 3584 298 3650 captis
317 3581 332 3635 a
351 3586 486 3638 seditiosis
506 3587 691 3653 comprehensi
714 3595 803 3638 crant:
824 3594 851 3636 et
869 3584 957 3636 necati
977 3588 1075 3646 essent,
1094 3581 1147 3632 nisi
1163 3595 1213 3647 pa.

109 3652 231 3708 triareba
248 3656 390 3724 degressus
418 3672 542 3710 assensus
572 3658 693 3710 essetiis
712 3657 794 3708 dere
815 3657 944 3724 quaesitu.
982 3656 1050 3705 ictus
1068 3653 1151 3719 igitur
1167 3652 1214 3702 in..

109 3727 212 3779 tostius
229 3733 349 3791 naturae,
370 3743 428 3780 cnm
449 3737 475 3780 et
494 3728 640 3783 avunculus
662 3737 733 3781 esset
751 3735 826 3796 patre
844 3742 898 3779 non
917 3725 1027 3778 multum
1045 3724 1168 3787 inferior,
1188 3730 1216 3772 et

105 3804 240 3865 ,reputans
254 3798 354 3868 aliquid
366 3802 522 3868 necessarii,
541 3817 584 3858 nef
595 3801 770 3854 dissentiente
782 3800 952 3852 multitudine
970 3799 1022 3848 iam
1040 3798 1079 3847 ira
1098 3810 1214 3864 augere.

109 3880 166 3934 tur,
187 3878 213 3921 ct
239 3867 339 3923 bellum
367 3873 500 3924 internum
524 3875 552 3925 in
578 3873 643 3925 urbe
662 3873 786 3925 dissidiae
804 3872 970 3940 deprImente
989 3869 1122 3930 oriretur,
1148 3881 1214 3932 pro..

19 3965 21 3972 ·
110 3941 234 4011 greditur
252 3942 284 3993 ad
302 3943 430 4012 tempium
448 3947 476 3996 in
495 3947 587 3998 intimo
608 3938 747 4012 cius-ioco
764 3944 886 3997 assidens
904 3944 941 3994 ita
959 3941 1039 3992 iudex
1064 3952 1215 3991 sermonum

112 4021 141 4066 et
160 4012 259 4065 arbiter
278 4014 363 4068 factus
383 4023 439 4081 est,
460 4025 486 4069 et
505 4019 679 4085 principatum
698 4017 732 4067 iis
752 4017 797 4082 qui
815 4013 876 4066 tolii
895 4029 987 4081 regem
1007 4019 1034 4063 et
1051 4026 1100 4078 pro
1121 4025 1153 4061 eo
1170 4010 1216 4060 in.

114 4085 179 4136 duci
199 4085 360 4148 Comnenum
388 4088 506 4154 vellent,
533 4090 651 4142 tribuens
680 4096 790 4155 propter
814 4085 930 4153 plurium
958 4085 1155 4145 assensionem,
1180 4097 1215 4132 ne

114 4156 225 4209 dissidia
243 4158 271 4209 in
290 4160 430 4224 internum,
450 4168 479 4212 ut
492 4163 615 4226 diximus,
635 4161 765 4212 incideret
783 4157 894 4221 bellum,
912 4158 950 4208 ita
967 4155 1072 4207 laudem
1085 4152 1215 4207 Gomneni

116 4230 201 4295 magis
222 4229 349 4281 efferebat
359 4233 540 4288 sacerdotibus
551 4236 605 4285 suis
624 4234 693 4304 banc
703 4230 857 4300 generalem
876 4229 1034 4281 sententiam
1049 4225 1210 4277 concedens:
1234 4268 1241 4274 .
