2967 4825
517 232 754 345 anr'saotut.
1125 247 1197 339 'tt

96 454 149 495 σιν
170 426 337 517 ἐπιφέρειν
362 426 596 512 ε’·δοκιμοὶζοντο,
617 434 674 495 καί
685 454 769 497 τισιν
792 431 909 515 ὀλίγοις
929 433 989 498 τοῖν
1003 431 1197 518 ,προσιόντων

54 594 57 598 ,
95 522 269 615 ἢδμαλιός
289 532 535 615 προδεχθὲντων
568 531 673 620 6616·
722 531 758 598 τὸ
792 534 828 597 66
849 532 1007 620 φειδωλόν
1029 535 1084 601 καί
1118 526 1198 617 ἄγαν

93 630 280 756 ποριστικὸν
309 634 374 697 τιον
406 634 567 718 δημοσιων
594 634 790 719 χρημάτων,
822 630 906 701 ἔστιν
931 628 979 711 οἷς
1000 660 1059 700 και
1088 634 1144 699 οὐκ
1162 637 1197 701 ἐν

93 732 315 818 ια’προσιδποις
337 736 465 813 αἰτίαις,
487 729 593 797 καί
559 756 595 797 το
617 742 686 799 κατ’
706 736 852 813 ἐξουσίαν
873 734 1062 821 δικαστικόν,
1083 760 1135 801 και
1160 731 1196 799 c6

68 832 371 921 ὅκαταφρονητικὸν
392 835 448 918 της
469 839 700 918 στρατιωτικῆς
722 834 899 920 ειίπραγιας
922 835 977 901 καί
969 836 1197 965 στρατηγικῆς

91 960 148 1013 και
180 938 350 1023 α’κρητικῆς
377 938 554 1012 ου’παθείας
577 938 702 1001 πολλῶν
729 935 785 1001 καί
813 938 984 1021 σχεδὸν
958 937 1105 1005 σκιοέντων
1133 942 1197 1003 τιδν

92 1035 157 1103 666
179 1032 351 1120 Ῥωμαίοις
382 1036 553 1105 τελούντων
582 1036 777 1120 λυμαντικδν
806 1041 1008 1127 ἐψηφίζοντο.
1052 1032 1215 1125 ἠγείρετο

90 1136 155 1224 γοὶρ
189 1137 288 1216 πολδς
315 1137 492 1235 γογγυσμὸς
519 1142 581 1205 τῶν
608 1163 643 1205 τε
663 1141 963 1222 καταδικαζομένων
992 1140 1029 1205 οδ
1060 1143 1196 1223 νομικοῖς

91 1242 149 1307 καί
170 1243 234 1307 τῶν
256 1245 536 1327 κατηγορουμένων
555 1243 768 1328 σοφιστικοῖς,
790 1244 845 1307 καί
868 1245 933 1307 τοόν
955 1242 1196 1325 ἀπαιτουμένων

50 1346 82 1399 1⁰
91 1346 140 1420 εἷς
159 1342 195 1410 τὸ
219 1342 373 1429 δημόσιον
394 1343 493 1408 ε’νίοτε
511 1340 747 1430 α’χρεαὶστητα,
772 1341 826 1432 καί
846 1347 910 1409 τῶν
933 1347 1112 1428 δεχομένων
1134 1366 1196 1429 φο·

91 1442 261 1530 ρολογικοὶς
291 1445 479 1530 έπαυξὴσεις
505 1445 686 1531 ε’παρχιιδν,
717 1450 772 1508 καί
804 1447 866 1511 τῶν
893 1443 1095 1566 κατρδρομοὶς
1116 1445 1197 1532 666-

36 1619 42 1645 ρ
89 1544 257 1628 σταμένων
276 1545 476 1629 βαρβαρικὰς
498 1541 553 1609 dt6
576 1543 611 1610 τδ
635 1545 680 1630 μὴ
712 1544 792 1612 κατα
821 1545 911 1631 λόγον
930 1546 984 1613 τὸν
1004 1558 1197 1631 στρατιωτι·

89 1645 148 1711 κδν
176 1642 348 1766 κατοῖνλογον
374 1644 529 1728 γίνεσθαι.
578 1647 711 1745 ἐλέγετο
724 1648 761 1711 δὲ
790 1642 835 1731 μη
871 1651 927 1732 τῆς
955 1650 1014 1711 τοῦ
1039 1650 1196 1729 βασιλέως

50 1847 198 1914 15νον
163 1871 201 1913 τα
225 1840 337 1914 πάντα
356 1872 409 1911 και
441 1845 649 1931 οἷπειρδκακον
670 1871 723 1913 και
754 1849 808 1931 τῆς
828 1846 1042 1971 έλρημοσὸνης
1063 1848 1195 1931 ὁλοσχε-

89 1976 156 2035 ρως
156 1946 425 2038 ἐφαπτόμενον),
444 1943 637 2035 δποφθορᾶς
659 1949 695 2015 δδ
716 1952 874 2014 ποσιτιον
870 1950 1113 2033 παραινέσεως
1137 1973 1196 2035 φι-

88 2046 372 2137 λοπράγμονος,“
354 2073 425 2116 οσοι
451 2051 507 2133 τῆς
527 2048 608 2135 πρὸς
635 2047 675 2114 τοὶ
704 2054 855 2132 βασίλεια
878 2046 1063 2127 οίκειιόσιως
1085 2053 1196 2133 μεῖζον
1269 2098 1282 2125 ,,
1317 2034 1320 2041 ’

88 2156 187 2221 ου’δδν
208 2155 275 2220 o66'
296 2153 470 2240 δπέρττρον
492 2143 633 2237 ἥγηνται,
666 2151 718 2216 ἵνα
739 2147 775 2215 τὰ
808 2152 938 2234 εδμενὲς
963 2151 1020 2215 τοῦ
1039 2152 1197 2237 κρατοῦν·

86 2277 146 2333 τος
167 2252 381 2340 συλήσασιν.

12 2372 13 2375 ’
47 2360 81 2416 to
194 2358 277 2423 Ἀλλ’
301 2350 372 2423 οὔτε
394 2354 427 2422 ιδ
449 2358 506 2442 τῆς
519 2357 634 2443 αἱρετῆς
654 2356 710 2422 τοῦ
729 2357 886 2437 βασιλέως
903 2379 928 2437 μ
930 2356 1000 2440 έρος
1021 2354 1195 2440 α’γέραστον

91 2449 167 2524 οδτε
190 2457 226 2523 τδ
249 2450 395 2534 ἄλλως
376 2481 450 2542 σχον
471 2457 655 2542 ἄνοι’λεθρον
677 2460 716 2544 16
730 2453 930 2542 Ῥωμαϊκῇ’
914 2459 1096 2576 ετιικρατείρι
1110 2459 1193 2522 ’ςδια
1222 2491 1224 2495 v

90 2562 257 2644 μεμένηκε.
300 2564 376 2640 περί
395 2561 454 2640 μὲν
475 2556 535 2643 γὰρ
553 2560 617 2623 τοῖν
635 2551 772 2636 δντός,“
754 2581 838 2634 οπως
860 2554 1004 2632 καλῶς
984 2581 1058 2640 εσχε
1078 2559 1122 2647 τηῖ
1134 2561 1194 2640 βα·

90 2667 184 2744 astet,
205 2662 261 2726 καί
281 2658 326 2738 οὖς
346 2653 385 2743 ᾧ
408 2662 496 2750 ου’τρῖ
514 2658 678 2746 βουλητόν,
699 2660 761 2725 τῶν
781 2661 906 2726 παίδων
920 2649 965 2726 οδν
978 2663 1038 2741 μὲν
1060 2651 1196 2726 tamtan

129 2842 135 2850 '
166 2837 209 2891 16.
230 2837 479 2912 παραινέσευνῦ
493 2874 497 2880 ,

91 2995 233 3050 nonnuliis
251 2997 343 3063 paucis
363 3009 464 3060 eornm,
485 2997 531 3064 qui
550 2994 583 3047 ad
602 3011 662 3047 enm
677 2995 838 3048 accederent
857 3003 885 3046 et
903 2995 1020 3064 benigne
1039 2995 1072 3049 ab
1092 3010 1125 3047 eo
1145 3007 1195 3050 et·

93 3072 258 3137 ciperentnr.
296 3068 367 3137 quod
392 3075 479 3118 autern
502 3083 598 3134 parcus
627 3075 684 3119 erat
709 3075 735 3118 et
761 3067 838 3118 nimis
858 3081 1011 3133 comparans
1024 3060 1195 3134 'publicarum

92 3157 184 3193 rerum
207 3155 396 3208 nonnunquam
424 3141 503 3189 etiam
526 3153 580 3189 non
600 3139 730 3205 speciosis
759 3139 866 3202 causis,
876 3145 903 3192 et
921 3139 992 3206 quod
1011 3153 1045 3190 ex
1062 3146 1195 3206 potestate

93 3213 209 3264 iudicem
230 3210 341 3278 agebat,
369 3217 395 3260 et
421 3211 607 3261 contemnebat
632 3209 773 3260 militarem
799 3209 930 3261 fortunam
955 3217 981 3259 et
1000 3211 1196 3276 imperatoriam

93 3292 121 3334 et
138 3283 181 3333 rei
198 3283 354 3334 iudiciariae
372 3281 469 3332 bonum
491 3289 585 3332 statum
603 3281 745 3332 multorum
774 3289 801 3332 et
818 3280 875 3332 iere
895 3281 1010 3330 omniurn
1030 3281 1057 3332 in
1076 3282 1195 3334 Graeco.
1285 3325 1289 3336 .

92 3371 151 3406 rum
170 3369 279 3405 censum
308 3353 503 3415 adhibitorum,
530 3354 709 3418 perniciosum
735 3351 888 3404 censebant.
935 3351 1098 3404 excitabatur
1125 3354 1195 3403 enirn

91 3425 177 3478 multa
194 3425 343 3491 indignatio
360 3439 460 3487 eorum,
479 3423 524 3492 qui
543 3424 656 3477 damuati
674 3431 750 3475 erant
761 3437 814 3476 non
828 3439 862 3475 ex
879 3421 951 3491 lege,
972 3431 999 3474 et
1017 3423 1061 3491 qui
1079 3424 1196 3475 accusati

91 3497 173 3549 modo
194 3496 371 3562 sophistarum
392 3503 419 3546 et
437 3510 453 3545 a
472 3495 567 3562 quibus
589 3495 765 3562 exigebantur
789 3496 817 3546 in
836 3497 968 3546 aerarium
987 3509 1041 3546 non
1061 3494 1150 3547 debita
1169 3501 1195 3546 et

92 3569 304 3636 provinciarum,
323 3582 392 3634 quae
411 3565 578 3632 accipiebant
596 3565 770 3635 vectigalium
780 3567 961 3630 accessiones,
982 3574 1008 3617 et
1027 3567 1131 3630 eorum,
1148 3567 1194 3634 qui

12 3698 13 3703 ,
94 3639 263 3692 incursiones
276 3637 443 3690 sustinebant
456 3636 627 3689 barbarorum
641 3654 699 3690 cum
712 3640 772 3690 sine
790 3638 925 3690 electione
943 3637 1064 3690 delectus
1083 3638 1196 3689 militum

93 3712 183 3763 tieret.
225 3709 381 3761 dicebantur
410 3718 498 3760 autem
523 3724 577 3760 non
607 3710 680 3778 regis
707 3718 818 3762 naturae
845 3725 905 3762 esse
930 3709 998 3760 haee
1024 3709 1109 3760 iacta:
1136 3723 1196 3762 esse

94 3785 167 3834 enirn
186 3781 258 3832 bunc
281 3789 343 3832 ante
369 3782 508 3848 imperium
534 3780 671 3832 liberalem
692 3783 799 3834 omnino
818 3790 846 3833 et
862 3781 988 3832 vitiorum
1008 3789 1144 3848 expertem
1170 3787 1197 3831 et

94 3853 263 3907 miserationi
282 3867 391 3920 prorsus
410 3853 535 3916 deditum,
556 3854 638 3903 exitio
657 3859 744 3903 tamen
764 3853 928 3920 quorundam
948 3860 974 3903 et
1000 3851 1195 3904 adhortationi„

95 3927 146 3979 bus
164 3923 276 3976 multum
296 3923 447 3993 agentibus,
467 3932 598 3992 quotquot
615 3923 691 3989 regia
709 3922 901 3975 benevolentia
917 3924 1001 3975 maius
1019 3923 1087 3974 nibil
1106 3938 1196 3992 neque

95 3998 178 4050 altius
197 4004 302 4064 potant,
321 4004 351 4047 nt
369 3996 536 4046 clementiam
555 3995 721 4061 imperatoris
745 3995 873 4046 auferant.

200 4069 252 4122 Sed
269 4083 360 4136 neque
377 4082 439 4134 pars
458 4067 564 4120 virtutis
582 4067 656 4149 regitp
674 4064 832 4118 inhonorata
849 4080 939 4133 neque
955 4065 1034 4118 aliter
1045 4074 1197 4133 comparata

99 4141 178 4193 exitii
202 4155 299 4208 expers
323 4139 452 4193 Graeco
443 4139 556 4203 imperio
574 4137 678 4188 mansit
715 4138 826 4190 nauide
844 4134 924 4188 rebus
943 4138 1106 4202 domesticis,
1126 4153 1195 4208 quo-

95 4214 176 4266 modo
193 4212 265 4266 bene
282 4227 314 4268 se
332 4212 462 4266 baberent
477 4210 547 4278 regi,
566 4216 594 4261 et
612 4209 743 4278 quomodo
763 4209 886 4264 essetab
905 4221 938 4261 eo
963 4217 1134 4278 prospectum
1158 4208 1196 4261 ii-
