2967 4825
270 249 346 341 ttt
570 260 788 355 morlens
813 220 1072 334 lmllrorm

270 432 428 516 ’πταρόντος
456 430 705 518 κατορθώματος
735 428 979 517 ἐκπληττόμενος
1007 425 1199 514 ἀσύγκριτον
1224 423 1376 512 ἔπαρσιν,

270 530 344 601 οἶόν
364 533 462 601 αάτόν
487 536 637 599 ἀπεκάλει
664 538 719 601 κατ’
746 538 841 617 με’λος
875 531 979 613 ἴδιον,
1005 530 1060 596 καί
1079 528 1111 595 τό
1136 523 1235 613 ὄνομα
1256 524 1374 596 τούτου

271 634 326 702 doci
350 632 487 723 γλώττης
507 630 583 719 εἶχε.
600 638 656 723 καί
676 634 760 721 δριόν
783 632 893 701 ε’πόθει
916 637 1042 715 τοῦτον,
1064 636 1119 697 καί
1138 635 1246 697 ποθῶν
1265 633 1374 713 ἐτίμα,

246 735 324 801 ’καί
344 736 529 803 πιστότατον
561 732 629 818 δμα
651 740 706 802 καί
729 735 921 801 οἰκειότατον
943 735 998 800 καί
1029 735 1225 819 στρατιώτην
1248 736 1371 797 ἀκατα-
1428 792 1433 801 .

266 837 419 921 γνόνιστον
438 830 504 921 εἶχε
523 842 579 904 καί
601 840 777 922 ἐλογίζετο,
805 840 861 902 καί
891 837 1104 920 διαλλακτῆρα
1129 834 1191 899 ’τών
1212 837 1406 917 μεγίστων5

267 938 418 1021 καμάτων
439 935 495 1004 καί
512 943 658 1021 πολέμων
679 943 800 1005 ε’τίθετο
824 940 968 1025 ἀσφαλῆ,
989 938 1032 1015 οός
1051 939 1089 1025 τῇ
1110 937 1270 1024 παρονοίρ
1290 934 1371 1000 τού.

265 1064 320 1107 τον
341 1038 523 1126 φευγόντων
543 1045 607 1128 tois
630 1044 780 1107 ἐναντίων
806 1042 861 1107 καί
879 1045 965 1106 νῶτα
988 1038 1137 1115 διδόντων
1158 1038 1268 1112 εάθύς.
1291 1029 1373 1101 όθεν

266 1144 322 1207 καί
340 1141 401 1207 σύν
423 1142 511 1232 αύτῷ
536 1146 596 1225 μὲν
622 1142 678 1207 καί
699 1147 744 1232 τῷ
774 1142 873 1225 πατρί
892 1136 950 1226 τήν
978 1138 1056 1205 acroi
1087 1142 1150 1204 τιόν
1173 1136 1372 1223 Βοολγάρων

265 1237 366 1330 ἤρατο
388 1242 495 1331 νίιιην,
516 1248 572 1310 καί
589 1247 646 1328 τῆς
668 1248 873 1328 Βονλγαρίας
900 1239 1193 1325 δυσκαταμαχήτου
1216 1238 1270 1304 καί
1286 1247 1372 1305 πολ-

265 1350 321 1433 λῆς
341 1344 398 1411 καί
417 1347 601 1413 δοσαλώτον
624 1350 853 1431 γινωσκομένοις
874 1344 1068 1426 παντάπασι,
1092 1347 1147 1408 καί
1168 1340 1282 1429 μηδενί
1300 1344 1370 1407 τών
1381 1358 1426 1411 10

264 1449 423 1530 βασιλέων
446 1442 656 1534 ύιιοταγείσης
674 1447 728 1512 ε’πί
749 1444 840 1529 πολύ,
859 1450 915 1511 καί
934 1443 1020 1529 παρὰ
1043 1448 1136 1510 τούτο
1158 1440 1202 1527 μη
1226 1443 1370 1527 ἀνιείσης

264 1551 304 1635 τῇ
328 1550 493 1627 Βύζαντος
526 1548 560 1614 τό
580 1544 731 1630 ἀνὲοιμον
762 1547 816 1612 καί
834 1546 890 1633 τὴν
907 1550 1063 1631 χορηγίαν
1094 1548 1156 1609 τεόν
1176 1544 1369 1629 ἀναγκαίων,

263 1652 417 1733 λαμπρούς
435 1652 492 1713 καί
512 1648 571 1717 σύν
589 1654 689 1737 πολλῇ
719 1656 757 1738 τῇ
779 1646 968 1733 ἀκμαιότητι
998 1645 1187 1734 ἒκνρίενοε·
1231 1638 1285 1712 καί
1303 1670 1369 1710 κα-

263 1752 353 1835 τέστη
385 1751 423 1837 τῇ
444 1748 611 1833 Ῥωμαίων
638 1751 786 1841 βασιλείηι
807 1749 891 1835 πρὸς
916 1743 1054 1833 ἑσπέραν
1081 1750 1114 1813 ἐν
1135 1750 1289 1838 εάτὶραγιλφ
1310 1750 1371 1813 καί

262 1848 383 1939 γαλήνη
403 1850 441 1917 τό
465 1849 647 1936 πράγματα,
670 1855 725 1916 καί
745 1854 814 1917 ἀντί
833 1853 888 1935 τῆς
923 1854 996 1936 πρίν
1019 1849 1141 1925 ἐνδείας
1162 1851 1285 1934 δαψιλῆ
1304 1847 1422 1935 rojam

263 1953 425 2037 ἀφθονίαν
446 1951 502 2018 καί
522 1949 578 2038 την
605 1953 778 2039 εὖκληρίαν
796 1952 945 2036 εὐθύμως
969 1954 1152 2038 ἀπείληφεν.

358 2053 429 2117 Ἐπί
449 2056 484 2117 δὲ
504 2058 559 2137 τῆς
580 2051 663 2129 ἓώας
695 2058 938 2135 διακυκωμένων
968 2057 1031 2136 τών
1054 2055 1220 2136 Ἀβασγιδν
1238 2056 1293 2118 καί
1307 2052 1369 2119 ἀν-

262 2152 468 2243 τιδοξοόντων
503 2160 547 2241 τηλ
573 2161 705 2239 βασιλεῖ
727 2160 783 2221 καί
802 2160 977 2241 προφανῶς
1005 2155 1221 2239 ἀνταιρόνεων
1246 2156 1368 2241 (suup-

263 2279 341 2341 ρονν
366 2254 426 2339 γύρ
458 2256 498 2320 oo'
526 2262 569 2347 τῷ
597 2255 713 2341 πλήθει
740 2256 855 2339 μόνον,
883 2258 963 2321 ἀλλά
996 2260 1050 2321 καί
1079 2264 1144 2331 τοῖς
1172 2260 1233 2322 τών
1261 2249 1371 2323 ὅπλων

262 2357 485 2446 ἷοχνροτάτοις
511 2357 750 2444 προβλήμασιν,
781 2360 824 2445 ιός
852 2358 896 2445 μὴ
921 2356 1056 2437 ἑαυτούς
1087 2355 1184 2440 μόνον
1206 2357 1288 2423 ἀλλά
1311 2362 1369 2426 καί
1376 2382 1421 2438 20

240 2458 338 2539 Ιτούς
380 2463 521 2545 λἰιτιοοςΝ
540 2466 836 2547 τεθωρακισμένους
871 2467 925 2527 καί
959 2461 1122 2544 ἀτρώτους
1163 2461 1369 2546 πανταχόθεν

261 2561 568 2650 περικαλύπτοντες)
578 2614 588 2646 ,
622 2563 717 2629 πόλιν
757 2563 855 2640 αάτός
890 2563 906 2629 ό
942 2566 1154 2648 Βοτανειάτης
1186 2587 1367 2649 πρωταγω-

260 2663 448 2750 νιστῆςιιαί
474 2664 641 2752 πρόμαχος
671 2667 857 2752 ἔγνωρίζετο
888 2666 942 2733 καί
960 2669 1020 2731 τοῦ
1050 2669 1239 2751 κρατοῦντος
1261 2665 1366 2752 sindp-

260 2986 414 3042 uomenqus
435 2972 514 3028 buius
532 2975 560 3026 in
581 2989 628 3026 ore
646 2973 779 3042 babebat,
800 2982 827 3026 et
844 2974 938 3028 videns
956 2971 1087 3042 diligebat
1104 2971 1176 3026 bunc
1200 2979 1227 3026 et
1245 2972 1365 3042 diligens

262 3045 410 3099 honorabat
429 3053 456 3098 et
474 3046 642 3099 fidelisimum
661 3047 739 3099 simul
773 3056 799 3099 et
828 3047 1018 3099 deditissimum
1045 3053 1070 3097 et
1094 3045 1206 3096 militem
1232 3045 1364 3098 invictum

260 3117 375 3171 babebat
401 3125 429 3170 et
452 3118 587 3172 iudicabat
616 3126 644 3170 et
669 3119 795 3186 arbitrum
828 3120 1000 3170 maximorum
1028 3117 1149 3170 laborum
1174 3115 1364 3186 bellorumque

261 3190 583 3256 consummaturum,
612 3193 711 3260 quippe
737 3194 813 3244 cuius
833 3192 986 3258 praesentia
1012 3190 1136 3257 fugerent
1155 3190 1303 3241 adversarii
1334 3197 1364 3241 et

258 3271 336 3330 terga
354 3263 449 3314 darent
466 3262 561 3315 illicoz
588 3279 670 3332 quare
690 3264 769 3316 etiam
790 3277 899 3314 comeo
920 3269 947 3313 et
964 3269 1039 3328 patre
1059 3261 1091 3312 de
1109 3258 1233 3329 bulgaris
1263 3275 1361 3328 repor.

257 3334 326 3386 tavit
343 3334 502 3387 victoriam:
526 3343 553 3386 et
572 3335 733 3403 bulgariae,
754 3351 832 3404 quae·
842 3333 1032 3404 impugnabilis
1052 3341 1078 3384 et
1098 3347 1193 3401 magna
1213 3340 1240 3383 et
1257 3333 1363 3385 invicta

258 3405 406 3458 habebatur
425 3407 532 3459 omnino
553 3423 641 3476 neque
661 3407 709 3459 ulli
728 3409 788 3475 regi
807 3406 965 3475 plerumque
989 3405 1110 3458 subiecta
1129 3411 1185 3456 erat
1204 3412 1230 3455 et
1248 3412 1362 3471 praete-

257 3493 376 3530 resnou
396 3479 561 3532 concedebat
578 3479 710 3546 Byzantio
732 3479 918 3532 remissionem
938 3484 964 3529 et
990 3483 1164 3542 commeatum
1192 3491 1280 3528 rerum
1305 3491 1359 3528 ne..

259 3550 444 3616 censoriarum,
464 3551 604 3618 splendide
625 3559 652 3603 et
669 3550 753 3603 multo
778 3567 837 3602 cum
865 3551 963 3604 robore
988 3549 1109 3602 dominus
1142 3556 1183 3602 est
1200 3547 1305 3614 factus,
1331 3557 1361 3600 et

148 3618 152 3625 “
189 3659 193 3661 -
259 3623 424 3692 compositae
445 3631 521 3674 crunt
538 3625 716 3676 Romanorum
734 3623 847 3690 imperio
867 3637 961 3676 versus
988 3621 1153 3672 occidentem
1172 3621 1199 3671 in
1227 3619 1360 3672 felicitate

258 3700 287 3744 et
304 3693 499 3759 tranquillitate
517 3710 577 3746 res:
596 3703 676 3763 atque
694 3710 743 3762 pro
764 3695 855 3762 priore
873 3695 965 3762 inopia
984 3693 1090 3760 plenam
1116 3693 1302 3744 abundantiam
1331 3701 1361 3744 et

258 3761 390 3814 fortunam
406 3763 477 3815 bono
497 3767 584 3816 animo
610 3760 824 3834 reportaverunt.

356 3851 386 3903 ln
405 3853 509 3903 oriente
528 3861 616 3905 antem
636 3856 757 3908 excitatis
778 3856 893 3924 Abasgis
915 3865 941 3907 et
965 3857 1024 3922 regi
1049 3853 1250 3907 adversantibus
1277 3861 1359 3922 utque

257 3920 330 3973 clare
348 3925 539 3978 resistentibus
558 3925 742 3994 (confidebant
762 3929 831 3978 enim
849 3943 903 3979 non
924 3927 1010 3993 solnm
1028 3925 1267 3990 multitudini,'sed
1278 3927 1358 3976 etiam

256 4007 387 4046 armorum
406 3997 562 4049 firmissimis
580 3999 730 4066 praesidiis,
750 4007 843 4066 utpote
861 4013 915 4050 non
937 3999 1023 4052 solum
1042 4014 1071 4050 se
1099 3999 1172 4064 ipsos
1202 3998 1249 4050 sed
1278 3997 1358 4048 etium

257 4079 340 4132 equos
359 4065 485 4120 loricatos
507 4077 534 4121 et
552 4071 693 4122 vulnerum
713 4079 838 4137 expertes
857 4071 975 4138 undique
995 4074 1156 4138 tegentes),
1175 4071 1281 4120 rursus
1296 4069 1358 4135 ipre

257 4136 411 4190 botoniates
429 4143 571 4207 primarum
590 4144 848 4210 partium-defensor
870 4151 896 4194 et
916 4150 1098 4211 propugnator
1123 4141 1356 4208 conspiciebatur,

257 4215 284 4260 et
302 4209 469 4279 imperatoris
489 4224 624 4279 patronus.
663 4230 722 4266 cnm
742 4217 812 4268 enim
829 4229 879 4268 rex
896 4212 947 4265 illo
966 4223 1087 4282 tempore
1105 4214 1238 4268 exercitus
1256 4213 1357 4267 Roma-
