2967 4825
590 242 799 319 utsmutd.
943 310 949 319 .
1169 241 1245 326 489

137 399 242 488 ούσης
261 407 308 481 είς
328 406 486 491 ίααρχίαν
518 413 716 495 αροσρυίντα
736 414 798 478 τινί
828 410 1010 494 α’ντύραντι,
1032 410 1088 477 καί
1108 407 1175 479 τίει
1193 405 1244 477 ὅτε

135 506 226 590 μηδὲ
257 509 400 589 πολέμιοι
434 508 491 593 τὴν
519 514 626 577 αύσαν
657 511 768 596 χώραν
798 520 943 596 κατεῖχον
973 513 1027 578 καί
1057 518 1126 589 ταίς
1156 510 1244 587 δδοίς

135 606 284 684 ἁπάσαις
305 608 492 695 ἐφήδρευον,
509 615 681 693 μᾶλλονδὲ
704 607 761 679 αἴτι’
782 616 908 678 ἐκείνων
929 616 975 689 είς
989 612 1062 690 τούς
1084 612 1165 679 κατὰ
1187 611 1264 697 τὴν
1321 616 1324 621 ’

135 707 293 789 βασιλίδα
312 714 508 794 κρατοῦντας
527 712 663 789 κυλλούς
686 716 878 798 είορὲοντας.
920 719 975 780 νῦν
997 717 1033 781 δὲ
1055 707 1122 781 dre
1145 739 1243 781 noro·

103 820 125 873 5
133 812 200 890 μυί
218 807 254 875 τδ
274 807 405 895 τερυῖγμα
428 812 599 901 κεχώρηκε.
623 818 682 880 τού
703 816 820 901 χύρινς
843 810 890 880 δτι
912 813 986 891 τούς
1006 819 1065 898 μὲν
1086 820 1243 900 κρατούνη

134 934 197 987 τας
217 908 391 996 τυράννους
421 910 518 996 ἔγνων
546 912 576 979 οἱ
611 909 776 1001 ἄνθρωποι
805 916 861 981 καί
892 916 1009 994 τίδίκιος
1037 916 1091 982 καί
1113 916 1248 1004 τίφελιός

131 1008 197 1095 τὴν
216 1016 382 1093 βασιλείαν
405 1011 592 1100 ίθύνοντας,
613 1015 668 1084 τδν
700 1020 728 1083 δ’
758 1016 849 1104 Ιε’κτύς
882 1019 979 1107 α’ρετῇ
1008 1018 1238 1100 διαλάμποντος

134 1115 195 1177 καί
215 1111 350 1205 ἀληθείην
381 1116 435 1181 καί
462 1115 617 1203 πραότητι
637 1117 693 1184 καί
720 1116 903 1210 δικαιοσύνῃ
932 1108 1364 1203 κατακοσμούμεννο,λ.219ἶ·.

133 1214 194 1280 καί
215 1212 325 1281 ἱκανόν
353 1220 519 1301 βασιλείας
538 1223 650 1303 κράτος
677 1220 713 1287 ἐν
733 1231 856 1305 καιροῖς
884 1221 1064 1305 οίνανμύλοις
1084 1224 1239 1309 depuis&

77 1329 122 1384 1o
134 1318 400 1402 διακυβερνῆσαι,
420 1321 531 1405 κρύτος
555 1326 595 1409 τῇ
615 1325 678 1387 τοῖν
700 1324 896 1407 κρατούντων
909 1329 1054 1413 κακονοίρι
1074 1322 1154 1409 πρὸς
1175 1316 1238 1389 tu.

132 1422 219 1481 σθον
243 1418 284 1507 ου’
309 1418 425 1504 μικρὸν
456 1426 511 1487 καί
537 1422 704 1505 βάραθρον
737 1425 895 1499 ἀπωλείας
924 1416 986 1508 ἤδη
1016 1426 1167 1491 ουννεύον
1186 1426 1241 1493 καί

133 1516 372 1603 ἀναδούμενον.
414 1527 477 1588 τῶν
496 1527 603 1590 τοίνυν
624 1525 804 1610 ἀνθρώπων
829 1520 932 1603 ούτως
954 1523 1092 1612 ίχύντουν
1113 1524 1240 1612 γνούμης
1266 1574 1269 1577 -

93 1700 101 1708 ‚
134 1620 196 1686 καί
214 1627 447 1707 προαιρέσεως,
467 1631 745 1713 συνεαοτγηφιζετο
765 1628 821 1693 καί
849 1626 925 1706 δεδς
947 1621 1086 1712 ἄνωθεν,
1109 1632 1165 1695 καί
1184 1631 1240 1695 δον

135 1724 191 1803 ξιύι
212 1724 316 1789 πάντα
326 1726 458 1846 τρύτρι
461 1728 518 1793 καί
537 1727 666 1813 πρὸτῆς
688 1731 858 1816 ἐπιδημίας
871 1732 1047 1851 &concarp
1068 1734 1239 1809 διετίθετο,

77 1823 181 1900 15οδς
210 1827 266 1890 καί
295 1820 393 1911 αύτην
422 1826 479 1913 τήν
507 1832 629 1914 μητέρα
657 1832 713 1895 καί
734 1831 810 1906 τούς
837 1840 995 1915 συγγενεῖς
1016 1825 1162 1907 ἅπαντας
1182 1834 1240 1896 τού

132 1931 325 2011 κρατοῦντος
346 1924 452 2016 ἐκείνῳ
473 1927 530 2014 την
552 1928 755 2052 βασιλερακ’
740 1937 917 2055 εαετρίρειν
934 1930 1257 2031 ουγκατατιθεοθοι,

134 2052 193 2091 και
189 2030 455 2111 διαπέμπεσθαι
484 2030 565 2117 πρὸς
597 2028 719 2115 αύτο’,ν
748 2036 803 2098 καί
824 2032 861 2099 τύ
889 2032 1080 2119 εἀιβατήρια
1101 2034 1238 2117 ψάλλειν

121 2128 225 2215 αύτρ
245 2133 299 2196 καί
321 2134 482 2199 διαδανεῖν
502 2156 582 2214 μετα
594 2137 661 2218 τῆς
683 2140 794 2217 λοιπῆς
815 2138 877 2230 cpio
892 2136 1235 2223 τιολιτοῖνδμηγύρεας.

129 2229 171 2295 τὸ
198 2231 233 2295 δὲ
255 2229 293 2314 δη
320 2240 459 2317 κρεῖττον
484 2235 538 2299 καί
558 2234 652 2317 λόγου
675 2234 793 2310 παντὸς
814 2233 1056 2357 ὑψηλότερον
1039 2264 1059 2321 η
1088 2240 1237 2357 παραδο-

74 2328 312 2419 οοξύτερυν,“
294 2358 343 2399 οτι
366 2331 427 2423 περ’
449 2362 478 2403 οι
504 2341 651 2422 Τουρκοε,
672 2340 726 2422 τῆς
749 2337 903 2458 α’νριτολῆς
923 2338 1024 2425 πάσης
1042 2337 1237 2426 κυριεύσαν-

130 2459 188 2513 τες
207 2429 290 2522 ἤδη,
311 2447 376 2516 τοῖς
410 2440 625 2524 αύτομυλυύσι
656 2440 735 2564 πρὸς
763 2438 819 2506 τύν
849 2445 1060 2526 Βοτανειοίτην
1087 2441 1235 2516 πολίταις

129 2531 204 2620 ἅμα
223 2543 280 2604 καί
300 2542 459 2684 αγροίιιοις
482 2541 631 2625 ἑμτιοδυδν
650 2543 690 2607 ου’
710 2540 1046 2608 καθαιρούμενα
1071 2547 1153 2620 τινὲς
1174 2545 1234 2626 μὲν

204 2709 232 2766 4.
252 2678 422 2786 ποταμῷθ.

126 2895 195 2944 res,
214 2887 353 2949 antequam
382 2880 451 2932 iacta
476 2886 531 2945 eat,
556 2895 610 2932 nou
641 2879 816 2933 credebaturt
846 2879 962 2932 nondum
987 2871 1057 2932 enini
1084 2893 1234 2950 quenquam

127 2953 273 3021 qnisquam
292 2953 396 3005 viderat
415 2968 448 3003 cx
466 2953 532 3007 urbe
555 2954 582 3002 iu
602 2953 767 3020 provinciam
796 2952 949 3017 affluentem
973 2951 1055 3004 alicui
1074 2953 1234 3004 seditionem

125 3025 270 3076 moventi:
295 3031 375 3092 atque
402 3034 472 3088 turn,
492 3041 552 3075 cum
577 3040 613 3074 ue
633 3023 724 3075 hostes
743 3025 848 3091 quidem
874 3038 977 3074 omnem
996 3032 1092 3075 terram
1109 3029 1234 3076 tenerent

126 3105 160 3148 et
180 3097 232 3148 viis
262 3096 382 3147 omnibns
408 3097 572 3160 insiderent,
600 3097 685 3163 magis
713 3094 747 3145 ab
774 3093 829 3147 iliis
861 3097 894 3146 ad
913 3095 1078 3146 dominantes
1094 3095 1121 3146 in
1140 3096 1248 3147 urbem,

124 3167 229 3221 multoe
253 3168 410 3220 affluentes:
429 3184 499 3220 nunc
517 3166 613 3219 ‘autem
631 3168 744 3219 adverso
769 3166 876 3218 flumine
905 3181 948 3223 res
965 3167 1089 3218 recessit.
1126 3163 1233 3235 quare?

127 3240 196 3309 quia
214 3240 374 3307 imperantes
390 3249 517 3307 tyrannos
533 3256 592 3292 esse
605 3247 790 3308 cognoverant
809 3239 929 3290 homines
945 3245 971 3288 et
988 3238 1086 3289 iniuste
1106 3245 1132 3290 et
1152 3253 1233 3306 pareo

125 3327 243 3380 regnum
262 3313 421 3380 gubernare,
441 3329 501 3364 eum
518 3321 615 3376 autem,
638 3313 684 3379 qni
704 3313 869 3362 extrinsecus
889 3317 955 3374 etat,
974 3311 1075 3362 virtute
1091 3309 1184 3362 lucere
1205 3317 1232 3361 et

126 3386 247 3437 veritate
267 3392 294 3435 ct
314 3383 457 3437 clementia
482 3394 509 3436 et
525 3386 627 3437 iustitia
642 3393 762 3436 ornatum
791 3399 851 3435 esse
879 3391 906 3433 et
924 3388 1012 3448 aptum
1031 3381 1064 3432 ad
1081 3383 1160 3450 regni
1178 3395 1231 3448 po..

126 3456 241 3509 tentiam
261 3464 418 3522 tempestate
442 3457 544 3508 incerta
569 3463 626 3508 tuto
644 3456 856 3525 gubernandam,
883 3454 1027 3521 potentiam
1045 3455 1231 3518 imperantium

125 3527 309 3594 imprudentia
328 3529 360 3580 ad
378 3526 527 3596 pe'riculum
544 3544 598 3580 non
624 3544 734 3595 parvum
754 3535 781 3579 et
798 3528 956 3594 voraginem
979 3527 1098 3580 iacturae
1115 3525 1167 3578 iam
1185 3526 1231 3577 in..

125 3599 226 3653 flexam
246 3609 273 3651 et
290 3616 417 3667 pressam.
456 3616 515 3652 cum
533 3601 615 3668 igitur
635 3601 755 3652 homines
784 3598 852 3651 hanc
877 3597 1007 3650 habereut
1024 3599 1183 3652 senteutiam
1202 3603 1230 3649 et

126 3670 307 3736 voluntatem,
324 3671 550 3724 assensumdabat
565 3673 644 3722 etiam
659 3673 724 3724 deus
737 3687 854 3738 superne
868 3678 893 3722 et
912 3670 1004 3722 dextra
1018 3671 1106 3721 omnia
1128 3668 1191 3721 huie
1204 3675 1231 3721 et

124 3751 193 3796 ante
211 3745 353 3796 adventurn
372 3743 538 3796 admirabilia
551 3744 740 3808 constituebat,
766 3745 804 3794 ita
817 3751 848 3794 ut
862 3743 956 3810 etipsa
974 3751 1058 3794 muter
1078 3749 1105 3793 et
1123 3739 1231 3826 cognati

126 3830 224 3868 omues
233 3816 389 3883 imperantis
398 3815 441 3866 illi
453 3831 566 3884 regnum
576 3815 718 3867 advertere
732 3817 920 3878 convenirent,
938 3823 966 3866 et
975 3816 1082 3866 nuntios
1095 3814 1232 3866 mitterent

126 3887 164 3939 ad
181 3904 241 3940 eum
254 3895 281 3939 et
297 3888 427 3940 adrentus
440 3889 556 3939 carmina
569 3887 665 3939 {idibus
677 3895 804 3938 canerent
820 3888 845 3937 ei
856 3893 883 3938 et
895 3894 1036 3953 creparent
1052 3901 1110 3937 eum
1123 3883 1232 3952 reliquo

42 3956 44 3963 '
126 3960 230 4011 citium
247 3967 391 4011 conventu.
410 3961 494 4011 maius
512 3968 600 4011 autem
620 3966 677 4010 erat
696 3967 723 4009 ct
740 3971 864 4010 sermone
891 3959 961 4010 omni
980 3955 1061 4008 altius
1079 3954 1126 4009 vel
1144 3955 1229 4024 magia

125 4033 350 4098 inexspectatum,
364 4031 546 4099 qnodTurcae
563 4031 675 4084 orientis
688 4032 774 4081 omnis
786 4031 905 4081 domini
898 4043 949 4080 ram
963 4029 1026 4080 iacti
1044 4027 1230 4095 transfugien-

125 4103 201 4157 tibus
219 4105 253 4156 ad
272 4104 433 4156 Botaniateu
452 4103 556 4155 civibus
575 4101 653 4155 simul
673 4110 700 4152 ct
716 4101 845 4170 agricolis
864 4102 1052 4168 impedimento
1070 4115 1125 4152 uon
1144 4106 1228 4163 erent,

125 4177 178 4231 sed
192 4175 318 4244 nonnulli
337 4176 427 4229 diviua
447 4175 477 4228 ri
495 4175 587 4229 hostes
605 4174 745 4240 latebant,
753 4173 863 4254 plures
886 4180 974 4228 autem
994 4171 1148 4226 incidebant
1165 4169 1228 4240 qui-
