2967 4825
475 222 481 245 ⁸
561 224 779 327 'dissonis
911 278 917 283 ·
1172 243 1219 332 tt

115 414 177 479 θεν
196 409 439 498 ἐκπεμπομένων
454 416 531 496 roric
553 422 667 495 ἵππους
688 424 793 486 adreio
805 418 1102 506 κατηκόντισανζείς
1112 428 1224 505 χεῖρας

117 518 231 592 ου’τοῖς
262 518 366 584 ἐλθεῖν
399 518 444 605 μὴ
472 516 660 605 δυνάμενοι·
712 516 942 605 δοκιμάσαντες
975 521 1039 607 γάρ·
1067 520 1223 609 πρότερον
1250 515 1255 530 ”

116 621 214 683 τοῦτο
238 614 388 697 πολλάκις
409 620 547 698 πολλοός,
562 627 625 689 τάν
641 627 732 689 ἰδίων
754 611 925 705 δαίδαλον,
944 626 1020 710 παρ’
1041 620 1144 689 edred
1169 624 1225 689 rori

115 719 337 787 Ravennatem
361 722 415 787 καί
432 726 493 789 τάν
523 721 583 789 σόν
606 725 694 813 αότῷ
714 727 1000 809 διαχειρισθέντας.
1044 724 1087 800 αἷς
1110 727 1144 789 δὲ
1159 727 1226 791 ’τοόν

89 822 226 893 sinnam
249 819 368 899 ου’τοός
400 821 429 887 οἱ
454 820 621 910 Ιβάρβαροι
643 828 861 910 α’πεστέρησαν
883 834 952 901 ταῖς
982 827 1017 890 ἐκ
1045 829 1107 892 τοῖν
1126 827 1226 904 τόξων

113 928 276 1006 πληγαῖς,
315 922 441 1005 ἔμειναν
462 929 528 1010 lpida
557 926 647 1006 πεζοί
672 923 751 1009 μετά
768 928 832 991 τεόν
847 926 1033 1008 Ῥωμαϊκῶν
1054 926 1226 1013 κρηπίδων,

117 1020 243 1099 ταότας
267 1026 297 1087 δ’
318 1026 521 1109 ἀποτεμόντες
547 1031 580 1093 ἐν
595 1026 742 1110 ἐμβάδων
763 1027 850 1108 τάξει
864 1027 906 1106 τά
923 1025 1007 1093 κάτω
1027 1032 1110 1112 μέρη
1131 1029 1226 1093 κατέ-

118 1130 223 1191 λιπον.
267 1125 307 1189 ου’
329 1124 400 1210 μην
414 1126 470 1205 τάς
493 1130 631 1205 άσπίδας
647 1133 702 1194 καί
722 1127 760 1197 τά
782 1134 858 1215 ξίφη
879 1130 1041 1210 α’πέλιπον,
1063 1126 1143 1194 oillei
1166 1127 1226 1213 την

118 1217 352 1311 στρατιωτικήν
376 1221 501 1295 ὅπλισιν
524 1228 649 1313 ἔχοντες
666 1226 750 1295 οότω
770 1229 826 1314 τη“ν
845 1229 923 1295 όδόν
942 1230 997 1295 καί
1009 1228 1065 1295 τόν
1088 1227 1226 1310 πόλεμον

74 1344 109 1397 10
121 1320 233 1410 ἤνυον·
259 1330 299 1391 ου’
319 1327 380 1414 γάρ
402 1336 565 1397 κατέλιπον
588 1334 695 1409 αόιοίς
718 1330 889 1416 α’νακωχην
914 1330 942 1397 οἱ
966 1336 1121 1415 πολέμιοι,
1142 1328 1228 1396 α’λλά-

119 1426 200 1495 κατά
225 1428 380 1513 διαδοχάς
401 1436 610 1513 πολεμοῦντες
629 1433 751 1517 ἡμέρας
774 1458 808 1499 τε
832 1439 886 1499 καί
907 1432 1021 1549 νμιτός
1041 1432 1096 1499 διά
1122 1433 1226 1518 πάσης

119 1530 306 1615 φιλοτιμίας
328 1528 480 1615 ἐχώρουν,
503 1527 585 1599 dora
607 1536 686 1600 πᾶσι
710 1534 838 1620 τρόποις
857 1535 939 1619 turp
961 1528 1046 1600 άπαν
1066 1532 1099 1601 ιό
1123 1558 1226 1617 στρα-

117 1627 253 1695 τόπεδον
273 1631 388 1707 αότοός
420 1631 706 1718 παραστήσασθαι.
759 1637 827 1699 αλλ’
852 1633 917 1718 οἵγε
937 1634 1017 1717 πρός
1040 1634 1096 1700 τόν
1119 1634 1226 1719 ἄρχη-

118 1727 178 1813 γόν
202 1728 307 1796 αὐτόν
340 1734 542 1821 ἀφορῶντες,
569 1738 624 1800 καί
654 1734 733 1821 πρός
769 1734 804 1800 τό
835 1738 1015 1822 θαρσαλέον
1049 1738 1149 1803 ου’τοό
1171 1738 1229 1801 καί

74 1844 108 1898 15
120 1826 308 1926 ἡγεμονικόν
328 1831 579 1921 ἐκπληττόμενοι,
598 1840 714 1919 μένους
735 1839 947 1923 ἐπληροῦντο,
970 1841 1025 1902 καί
1043 1841 1104 1903 rori
1124 1839 1226 1903 α’πλέ-

118 1954 179 1997 του
200 1930 326 2023 μόχθου
351 1934 405 1999 καί
423 1940 480 2001 τοῦ
501 1932 655 2021 συνὲχοός
676 1942 816 2021 πολέμου
838 1944 1033 2023 παρηγορίαν
1053 1938 1091 2003 ori
1108 1935 1226 2023 μικράν

117 2036 316 2115 ἐκομίζοντο.
362 2039 469 2121 τρίτην
501 2033 558 2103 σόν
586 2040 708 2124 ἡμέραν
733 2039 853 2110 οότωσί
873 2036 1079 2113 διανόσαντες
1111 2044 1144 2105 ίν
1165 2063 1226 2103 πε-

120 2140 263 2227 ζοπορίηι,
286 2138 341 2203 καί
361 2140 424 2203 τάν
446 2140 603 2221 πολεμίων
618 2139 694 2218 τοός
717 2142 763 2216 εἰς
783 2148 895 2225 χεῖρας
914 2138 1066 2216 ἐλθόντας
1087 2140 1224 2217 πολλοός

119 2237 359 2322 ἀναλώσαντες,
393 2240 497 2307 ἳππων
528 2244 623 2325 spacia
655 2242 859 2325 ἐκυρίευσαν,
882 2244 945 2306 -καί
974 2238 1104 2315 τούτους
1135 2239 1225 2326 αότηλ
1283 2233 1288 2244 ’

69 2340 346 2432 νοπροσὴνεγκαν,
366 2345 583 2419 δυσωποῦντες
606 2344 805 2430 ἑποχηθηναι
824 2345 922 2426 μόνον
939 2342 1019 2426 μετά
1035 2340 1094 2406 dria
1117 2340 1225 2405 δικασ-

119 2445 242 2506 πιοταῑν
266 2445 321 2534 καί
339 2453 403 2521 τοῖς
434 2445 526 2528 ποσίν
559 2447 664 2510 αὐτῶν
687 2450 859 2512 πιστεῦσαι
882 2448 941 2531 την
963 2445 1122 2529 σωτηρίαν
1144 2436 1225 2507 ἑαυ-

118 2545 189 2610 τοῦ.
237 2544 253 2610 ό
294 2550 329 2613 δὲ
354 2551 453 2633 μηδὲν
481 2550 624 2612 τοιοῦτον
654 2547 917 2640 καταδεξάμενος,
952 2549 1033 2631 μηδὲ
1066 2541 1227 2632 ῥίψασπιν

119 2639 237 2716 ἔαυτόν
260 2648 429 2730 ἀποδεῖξαι
450 2653 565 2734 μέχρις
582 2651 677 2734 α’κοῆς
700 2647 926 2733 ἀνασχόμενος,
950 2651 1151 2734 πληροφοριί
1165 2648 1227 2728 μὲν

197 2871 239 2924 11.
260 2864 359 2944 διοχός
379 2871 409 2927 G.
430 2873 547 2926 correxit
563 2873 704 2927 Brnnetus.

125 3065 222 3118 derunt
245 3078 294 3132 per
320 3063 406 3132 ipsum
424 3062 590 3116 Botnniatem
611 3065 721 3132 eiusque
739 3063 839 3114 milites
856 3063 1030 3114 interfectos:
1059 3076 1118 3113 cnm
1137 3056 1224 3113 aute'm

127 3135 203 3204 equis
224 3149 271 3185 eos
288 3134 395 3186 barbari
415 3136 567 3203 privassent
584 3133 730 3188 iaculorum
749 3135 856 3198 ictibus,
874 3141 1026 3196 manserunt
1043 3134 1147 3201 pedites
1166 3148 1224 3183 cum

126 3207 235 3261 Graccis
256 3207 379 3274 crepidis.
406 3208 447 3258 bis
468 3215 554 3258 autem
573 3207 698 3258 abscissis
718 3209 746 3258 in
767 3206 902 3258 embadum
920 3205 982 3257 loco
1001 3205 1142 3257 inferiores
1161 3219 1225 3271 par-

124 3287 167 3330 tes
186 3277 334 3346 gestabant.
372 3295 460 3347 neque
471 3287 559 3330 tamen
579 3273 653 3331 scuta
665 3286 692 3329 ct
703 3278 807 3347 gladios
825 3277 1002 3345 reliquerunt,
1019 3278 1066 3329 sed
1084 3276 1225 3328 militarem

126 3357 283 3402 armaturam
308 3351 393 3400 induti
417 3353 455 3403 ita
480 3351 550 3402 riam
576 3359 602 3402 et
630 3349 730 3402 bellum
749 3348 942 3416 perficiebant:
961 3349 1138 3415 nequeenim
1157 3361 1225 3397 con.
1251 3400 1254 3405 ,

126 3429 266 3474 cesserunt
284 3422 317 3474 iis
336 3421 456 3475 inducias
473 3421 563 3474 hostes
585 3423 631 3475 scd
651 3422 770 3473 vicissim
789 3418 922 3471 bellantes
941 3434 989 3485 per
1010 3419 1067 3470 dies
1088 3425 1115 3468 et
1132 3424 1226 3467 noctes

125 3494 197 3547 omni
225 3511 283 3546 curn
307 3495 452 3546 certamine
479 3493 716 3560 proficiscebantur
735 3495 772 3544 ita
790 3500 820 3542 ut
838 3491 959 3542 omnibus
978 3489 1063 3541 modis
1082 3504 1146 3557 prae
1167 3502 1226 3538 om-
1314 3528 1325 3537 .

124 3565 205 3619 nibus
233 3567 325 3618 castris
349 3567 369 3616 ii
395 3566 546 3621 adstarent:
573 3567 618 3617 sed
645 3565 673 3615 bi
693 3565 799 3633 quidem
817 3564 849 3615 ad
868 3565 962 3615 ducem
981 3577 1056 3615 suum
1075 3566 1227 3628 spectantes

126 3645 154 3690 et
175 3638 233 3690 eius
263 3638 407 3689 animosum
432 3645 458 3687 et
481 3638 652 3702 imperiosum
672 3637 774 3688 vultum
794 3643 930 3702 stupentes
950 3634 1036 3685 animo
1051 3631 1229 3699 implebantur
1323 3687 1328 3700 y
1393 3687 1395 3697 Ι

126 3717 155 3764 et
172 3710 293 3761 immensi
320 3709 419 3760 laboris
441 3715 467 3759 et
487 3710 605 3760 continui
623 3707 690 3760 belli
709 3707 831 3760 solatium
850 3723 904 3758 uon
922 3721 1032 3774 parvum
1049 3705 1111 3756 inde
1132 3718 1228 3770 repor.
1261 3712 1263 3721 ·

116 3781 226 3834 'tabant
273 3782 381 3832 tertium
408 3779 489 3848 igitur
519 3779 588 3832 diem
615 3795 673 3838 cum
699 3782 735 3830 ita
758 3781 927 3846 peregissent
951 3777 1055 3846 pedites
1079 3783 1174 3827 euntes
1201 3781 1229 3824 ct

126 3853 244 3905 bostium
260 3855 304 3920 qui
323 3855 350 3903 in
368 3867 459 3904 uranus
479 3859 612 3920 venerunt
630 3851 726 3903 multos
743 3842 952 3914 interfecissent,
974 3848 1050 3916 equis
1069 3846 1154 3898 tribus
1175 3861 1228 3912 po-

125 3926 170 3976 titi
186 3931 248 3976 sunt
265 3932 291 3974 et
310 3925 358 3975 bos
380 3924 404 3974 ei
426 3923 572 3976 attulerunt
590 3931 725 3991 rogantes,
746 3930 775 3973 ut
792 3918 937 3973 veheretur
955 3919 1029 3971 solus
1047 3935 1108 3968 cum·
1125 3916 1228 3968 duobus

126 3997 268 4064 armigeris
293 4005 319 4047 et
345 4010 435 4045 eorum
459 3994 570 4060 pedibus
590 3995 712 4046 crederet
730 3991 843 4045 salutem
861 4007 943 4044 suam.
982 3989 1030 4040 illc
1049 3997 1138 4041 autem
1158 3987 1228 4038 nibil

125 4065 182 4120 tale
206 4068 341 4134 accipiens
362 4081 450 4135 neque
469 4075 570 4118 scutum
590 4066 760 4118 abiicientem
779 4080 809 4115 se
828 4062 958 4129 praebere
978 4061 1113 4131 usquead
1133 4060 1227 4111 lamam

124 4136 222 4192 volens
247 4141 377 4191 certiores
397 4151 442 4189 eos
467 4137 530 4190 lacit
553 4140 625 4207 ipse,
651 4153 680 4189 se
703 4135 848 4204 optabilius
874 4133 973 4185 babere
1002 4134 1078 4185 ocius
1105 4129 1226 4183 omnibus

124 4212 205 4277 mori,
226 4209 411 4280 quamlallere
427 4209 583 4277 promissum
603 4210 693 4263 firmae
711 4223 769 4260 cum
789 4208 822 4261 iis
842 4206 1007 4260 constantiae
1026 4211 1052 4256 et
1071 4200 1225 4256 contentio.
