2967 4825
299 209 373 287 tto
608 163 840 311 urcnsmis‘
856 209 1117 283 aranumrau
1147 211 1171 223 ’·
1198 178 1201 184 ’
1232 249 1236 256 .

300 384 402 454 αύτού
435 383 577 472 πράξεσι.
601 469 604 473 ¹
626 386 682 452 καί
700 386 826 472 μύρτυς
856 385 955 462 αύτός
985 383 1002 450 ὅ
1026 381 1219 472 συγγράφων
1246 379 1326 470 byei,
1348 373 1402 446 ὅτι

298 488 448 572 δικαστής
475 488 529 553 διὰ
560 487 686 573 χρόνων
708 493 831 555 πολλῶν
852 486 1034 572 γενόμενος,
1066 489 1123 553 καί
1141 487 1220 551 πᾶσι
1242 482 1404 568 στρατιτύ-

296 615 367 666 ταις
393 592 448 653 καί
477 594 618 666 πολίταις
649 594 704 655 καί
734 583 873 676 ἄρχουσι
907 587 986 655 κατύ
1019 613 1053 654 τε
1086 586 1143 671 τὴν
1164 587 1403 669 βασιλεύουσαν

297 689 375 755 acroi
398 713 430 754 τε
450 687 507 766 τοὶς
536 689 705 772 βασιλικὰς
735 689 937 777 ἐκστρατείας
974 686 1107 764 δικάσας
1139 691 1214 772 περί
1235 684 1403 772 διαφόρων

297 790 425 874 φύκτων
446 793 501 855 καί
516 790 710 878 ὑποθέσεων,
734 790 843 855 ου’δενί
862 794 1055 879 δικαστηρίῳ
1070 791 1178 853 τούτου
1199 775 1293 872 εύρον
1315 784 1426 850 tid-5

297 916 412 977 σιμον,
445 891 520 975 περί
537 897 655 978 μικρού
681 887 872 977 ἢμεγίστου
905 891 1178 978 κατηγορούμενον
1205 889 1402 974 πράγματος.

294 986 397 1078 ἄπαγε
427 991 580 1079 ἀλήθειαν
600 996 665 1060 ,ἐπί
691 994 836 1080 μάρτυρι
863 996 928 1083 θεῷ
956 997 1010 1058 καί
1037 995 1075 1057 ού
1096 994 1216 1076 ψεῦδος
1237 989 1403 1061 κολακικὸν

294 1094 557 1182 α’ποφθέγμομαι.

394 1193 487 1280 Πρὸς
506 1199 616 1262 τοῦτον
637 1189 696 1262 σύν
719 1196 899 1279 ύποβλέπον
916 1193 949 1261 ιδ
972 1198 1028 1282 τῆς
1045 1198 1202 1274 πολιτείας
1223 1189 1403 1277 συναθροι-

295 1323 363 1380 σμα
382 1293 514 1382 πρᾶγμα
534 1323 565 1362 τι
588 1300 691 1387 τολμᾷ
713 1299 776 1363 τοῖν
802 1297 928 1362 πώποτε
946 1300 1119 1382 γενομένων
1138 1296 1321 1384 ὑπερφέρον
1345 1294 1441 1364 uelit)

293 1401 454 1483 μέγιστον.
497 1403 556 1464 τού
573 1397 634 1484 yde
655 1400 879 1481 βασιλεύοντος
900 1399 945 1476 είς
967 1396 1006 1463 τύ
1034 1401 1067 1464 ἐν
1082 1401 1285 1482 Βλαχέρναις
1305 1392 1409 1458 dedu-v

293 1521 372 1584 τορα
411 1498 491 1579 κατὰ
523 1499 579 1584 την
611 1498 763 1584 κυριακην
788 1502 1032 1586 προκαθημένου
1062 1499 1115 1562 καί
1135 1497 1399 1582 χρηματίζοντος,

231 1629 235 1632 ·
297 1601 350 1662 καί
371 1595 473 1684 πύσης
498 1604 554 1683 τῆς
583 1600 761 1684 συγκλήτου
791 1605 1026 1686 παρισταμένης
1048 1599 1152 1688 αύτῷ,
1176 1598 1206 1664 ot
1228 1599 1324 1684 ἐν’τηλ
1343 1621 1400 1678 με.

283 1690 381 1787 μύλῳ
403 1705 523 1780 τεμένει
542 1703 596 1785 τῆς
617 1705 674 1766 τοῦ
695 1706 774 1767 θεοῦ
787 1701 902 1788 σοφίας
925 1699 1189 1788 ἐκκλησιάζοντες,
1211 1699 1313 1764 πάντα
1335 1695 1399 1785 φύ-

293 1805 351 1884 βοκ
371 1802 431 1864 τού
450 1803 606 1882 βασιλέως
633 1801 881 1884 α’ποσεισύμινοι
914 1804 967 1867 καί
995 1803 1305 1888 δημοκρατουμένους
1316 1798 1398 1866 ’ἐαυ-
1408 1818 1438 1868 ,15

292 1901 367 1978 ’τούς
389 1903 548 1987 οἰηθέντες
570 1902 689 1990 (πείθει
709 1904 771 1989 γὰρ
794 1903 810 1968 ὅ
835 1902 930 1991 φόβος
951 1907 1003 1989 καί
1022 1906 1085 1969 τοῖν
1105 1903 1282 1991 α’νεφίκτων
1303 1907 1398 1967 κατα·
1419 1913 1423 1919 ’

292 2005 449 2090 τολμᾶν),
471 2003 698 2089 α’ναγορεύουσι
727 2003 781 2071 τύν
804 2004 1016 2092 Βοτυινειύτην
1043 2011 1176 2090 βασιλέα
1208 2010 1336 2094 λαμπρᾷ
1360 2007 1401 2090 τῇ

294 2105 386 2190 φωνῇ
415 2106 455 2191 τῇ
487 2101 639 2191 ἐπαύριον
659 2110 716 2190 τῆς
745 2109 998 2192 λαμπαδηφύρου
1035 2110 1097 2172 τῶν
1126 2111 1307 2194 θεσφανίων
1326 2099 1400 2186 ἦτοι
1430 2138 1434 2148 ·

300 2209 364 2272 τῶν
388 2201 501 2292 poison
524 2202 650 2292 ἑορτῆς,
670 2205 716 2273 ἔτι
739 2206 855 2274 τούτου
884 2211 918 2273 έν
939 2211 981 2298 τῷ
1014 2211 1084 2298 ἰδίην
1107 2211 1287 2294 καθημένου
1309 2207 1402 2271 πολί-

266 2389 270 2396 ,
295 2332 393 2390 σματι
415 2305 494 2371 κατὰ
516 2306 573 2391 την
600 2310 660 2375 τῶν
683 2309 874 2380 α’νατολικύν
896 2313 1072 2393 έπαρχίων,
1102 2314 1156 2374 καί
1182 2311 1341 2395 μηδεμιᾶς
1364 2311 1436 2377 dart

291 2409 407 2476 τούτου
437 2411 701 2496 προσδοκωμένης
728 2414 785 2498 τῆςι
816 2413 1016 2497 ἐκδικήσεως.
1070 2415 1193 2500 οἰηθείη
1225 2415 1252 2477 δ’
1283 2404 1322 2477 ύν
1346 2432 1396 2485 τις

292 2505 341 2576 δτι
360 2508 612 2597 χρυσοβούλλιον
641 2513 842 2595 α’ναγνωσθὲν
861 2512 975 2579 τούτου
1005 2514 1058 2580 κατ’
1078 2514 1118 2579 τὰ
1139 2514 1271 2600 θυμηρη
1294 2517 1397 2578 καθυ-

292 2612 526 2695 πισχνούμενον
550 2615 738 2696 διεθέρμανε
764 2610 838 2689 τούς
867 2617 992 2693 πολίτας
1013 2616 1089 2712 πρὸς
1113 2616 1169 2702 τὴν
1191 2616 1292 2681 edroi
1317 2614 1399 2679 ἀνα-

293 2712 451 2799 γόρευσιν.
495 2714 554 2778 οδκ
575 2710 641 2780 έστι
662 2717 767 2799 τούτο,
792 2717 849 2781 otia
876 2714 962 2784 ἔστι·
1004 2714 1174 2804 προλαβών
1193 2718 1253 2804 γὰρ
1268 2715 1294 2781 -δ
1316 2741 1397 2804 κρα-

367 2875 409 2929 13.
429 2881 584 2950 συγκρίτου
594 2878 624 2934 G.

293 3049 351 3099 me,
377 3050 436 3090 cum
462 3035 543 3088 iudex
561 3052 609 3103 per
627 3052 710 3090 annos
734 3038 831 3090 multos
852 3055 937 3093 essem
958 3049 1087 3095 etomnes
1106 3043 1203 3095 milites
1224 3049 1251 3093 et
1273 3044 1347 3096 cives
1369 3051 1397 3094 et

291 3108 452 3174 imperantes
470 3109 498 3159 in
516 3109 593 3175 regia
617 3116 644 3160 et
661 3110 745 3179 regiis
766 3112 979 3178 expeditionibus
998 3115 1142 3167 iudicarem
1166 3116 1199 3166 de
1216 3114 1330 3168 diversis
1349 3116 1395 3167 ia..

292 3180 341 3231 ctis
356 3187 382 3230 et
395 3180 573 3248 argumentis,
593 3179 663 3231 hunc
683 3181 759 3233 nullo
778 3184 877 3234 iudicio
896 3185 1034 3238 invenisse
1054 3187 1263 3255 deprehensum,
1283 3196 1396 3255 propter

259 3261 261 3266 '
290 3267 399 3319 parvam
427 3250 473 3303 vel
497 3253 634 3303 maximam
660 3263 811 3306 accusatum
832 3271 903 3326 rem:
929 3260 1029 3326 apage:
1055 3261 1196 3311 veritatem
1223 3274 1271 3325 per
1296 3268 1394 3312 testem

290 3324 368 3375 deum
387 3338 475 3392 neque
494 3324 659 3375 mendacium
681 3324 807 3380 blandum
826 3328 933 3395 loquor.

389 3411 430 3463 Ad
449 3410 519 3461 hunc
539 3412 621 3479 igitur
639 3414 788 3479 respiciens
815 3416 932 3469 civitatis
954 3418 1093 3471 multitudo
1117 3437 1173 3472 rem
1193 3422 1321 3491 quandam
1341 3436 1393 3474 su.

290 3483 371 3550 ncipit
391 3483 472 3534 rebus
498 3498 613 3551 unquam
640 3484 718 3537 iactis
748 3489 914 3554 superiorem
940 3499 967 3542 et
992 3493 1139 3544 maximam.
1188 3509 1254 3562 rege
1275 3493 1343 3543 enim
1364 3495 1393 3545 in
1460 3532 1461 3541 ,

289 3554 498 3607 Blachernarum
526 3555 625 3621 templo
653 3556 787 3610 dominica
814 3561 983 3626 praesidente
1007 3571 1033 3614 et
1050 3573 1177 3617 versante
1200 3572 1227 3616 et
1244 3572 1300 3617 toto
1322 3579 1393 3616 con.
1465 3576 1466 3583 ¹

290 3634 375 3678 ventu
395 3627 515 3678 adstante
535 3634 563 3677 et
582 3629 775 3681 convenientes
794 3632 822 3681 in
847 3650 970 3703 magnum
994 3635 1082 3687 fanum
1102 3638 1249 3705 sapientiae
1268 3636 1311 3687 dei
1330 3653 1393 3689 om-

289 3703 350 3748 n'em
375 3699 495 3747 timorem
512 3699 586 3763 regis
608 3700 777 3752 excutiebant
803 3711 829 3754 et
854 3706 976 3772 populari
1001 3708 1113 3774 imperio
1133 3725 1162 3761 se
1176 3710 1319 3777 gubernari
1336 3724 1393 3776 pu.

291 3775 377 3820 tontes
397 3767 554 3836 (persuadet
572 3770 641 3820 enim
660 3771 746 3836 timor,
767 3782 796 3825 ut
815 3777 895 3828 etiam
916 3793 984 3846 quae
1004 3780 1062 3830 fieri
1081 3795 1133 3832 uon
1159 3784 1271 3848 possint,
1288 3782 1393 3833 audea-

290 3844 362 3909 mus)
388 3840 541 3891 renuntiant
564 3840 731 3895 Botaniatem
759 3860 851 3915 regem
882 3848 954 3900 clara
981 3848 1073 3917 uoce,
1098 3861 1207 3919 postero
1229 3854 1273 3904 die
1291 3853 1393 3904 facium

290 3910 522 3978 Theophaniorum
540 3913 600 3965 sive
620 3912 749 3967 luminum
770 3918 842 3983 festi,
863 3921 997 3973 etiamtum
1023 3923 1119 3975 hocin
1139 3940 1187 3977 suo
1206 3925 1318 3977 'sedente
1336 3939 1408 3991 op.-

289 3982 351 4049 pido
371 3984 398 4034 in
418 3982 529 4035 orientis
548 3987 689 4051 provincia
707 3988 836 4058 nullaque
863 4007 896 4043 ex
915 3992 966 4043 hoc
991 4003 1143 4061 exspectata
1163 3996 1276 4049 uitione.
1313 4005 1395 4063 putet

290 4052 403 4105 fortasse
421 4053 533 4123 aliquis,
553 4056 645 4111 literas
675 4060 753 4113 huius
778 4063 962 4129 imperatorias
993 4068 1164 4120 recitataset
1182 4077 1258 4137 grata
1275 4070 1393 4137 promit-

288 4130 376 4179 tentes
395 4124 536 4181 calidiores
555 4130 702 4185 reddidisse
722 4134 796 4185 cives
817 4134 849 4185 ad
869 4136 926 4191 eius
947 4140 1178 4195 renuntiationem.
1200 4156 1255 4195 non
1282 4149 1324 4194 est
1342 4142 1392 4209 ita,
