2967 4825
295 246 368 326 'tat
582 237 802 314 arcuimus
837 230 1097 305 tmtmonta

293 411 479 486 ἐκεῖνοντὸν
500 412 606 496 χῶρον
627 395 702 496 ispi
727 402 761 469 τὸ
782 402 923 487 ’πρόσθεν
942 398 1105 482 περίδοξος
1126 396 1320 478 ἕγνωρίζετο,
1344 390 1394 477 τῆς

293 522 451 606 προτέρας
487 514 652 597 εδετηρίας
693 504 844 591 τοιαάτην
892 502 1084 586 δυσκλήρίαν
1117 494 1394 587 άνταλλαξάμενος.

294 616 512 705 δναρρυσδείς
536 617 571 678 δὲ
592 614 633 700 τῇ
654 614 713 677 τοῦ
733 610 903 691 Διογένους
932 601 1138 685 άναγορεάσει
1166 596 1221 661 καί
1239 598 1284 673 είς
1306 600 1396 681 νήσον

294 720 479 806 ἐξορισθείς,
503 715 693 797 ὑποσχέσεσι
716 711 751 774 δὲ
782 708 956 793 χρημάτων
979 698 1130 785 δικαστής
1153 696 1394 781 Πελοποννήσου

293 824 349 886 καί
372 817 521 893 Ἑλλάδος
554 812 795 897 άποπεμφδείς,
819 808 856 873 τά
886 805 966 871 κατά
998 802 1055 885 τήν
1087 800 1247 885 ἐπαρχίαν
1273 800 1415 881 ’ἑκείνηνρ

295 919 511 1000 διοικούμενος
532 908 580 999 ἦν.
623 916 734 979 τοῦτον
756 910 810 976 ἐπί
830 912 914 997 κακῷ
945 910 999 992 τής
1023 906 1085 983 τοῖν
1109 899 1277 985 Ῥωμαίων
1300 899 1395 983 άρχής

254 1018 258 1025 ’
293 1016 583 1105 μεταπεμψάμενος
602 1011 618 1077 δ
641 1014 698 1099 τήν
717 1014 882 1095 βασιλείαν
910 1004 1053 1093 ἐσχηκώς
1075 1003 1226 1087 Μιχαήλ,
1247 1003 1303 1066 καί
1323 994 1394 1081 μετά

293 1119 409 1207 μικρὸν
431 1122 476 1196 εἰς
497 1115 555 1202 τήν
569 1115 634 1182 τάν
653 1117 765 1180 κοινῶν
789 1107 982 1195 πραγμάτων
1003 1106 1156 1192 διοίκησιν
1178 1105 1395 1191 προστησάμε-

296 1246 358 1307 νος,
379 1224 434 1286 καί
456 1216 815 1303 λογοθὲτηνδποδειξας
837 1214 897 1277 τοῦ
918 1210 1061 1295 δρόμου,
1079 1217 1147 1282 ταῖς
1172 1210 1293 1271 ἐκείνου
1313 1226 1391 1286 μαγ-

299 1323 439 1408 γανείαις
466 1318 521 1384 καί
548 1321 720 1401 περινοίακς
745 1311 915 1396 ,ἁλώσιμος
944 1316 1083 1395 γέγονεν,
1122 1303 1173 1375 οἷα
1200 1305 1430 1395 φρονήματοςήρ

259 1414 269 1425 ’
298 1425 441 1506 α’μοιρῶν
462 1422 630 1503 σταδήροά
651 1422 705 1482 καί
722 1417 945 1499 μειρακιωδῶν
963 1408 1159 1495 α’θυρμάτων
1182 1406 1225 1493 μή
1249 1407 1397 1471 sinodice.

296 1532 494 1606 προσωπεῖον
509 1520 569 1604 γάρ
588 1517 741 1593 εδνοιάςδ
759 1515 942 1601 Νικήφάρος
961 1508 1194 1594 ἐπιδειξάμενος
1216 1512 1333 1589 ἐξωθεῖ
1345 1512 1397 1593 μὲν

297 1622 352 1689 τάν
374 1625 604 1695 ἐπιεικέστατον
625 1614 726 1702 άνδρα
745 1616 799 1681 καί
820 1617 1009 1699 λογιώτατον
1029 1616 1262 1699 μητροπολίτην
1284 1613 1398 1694 τήςΣί-

248 1793 260 1807 ,
300 1725 356 1806 δης
372 1724 429 1785 τοῦ
447 1718 486 1785 τά
503 1717 590 1783 κοινά
614 1714 760 1799 ductarii,¹
777 1716 955 1803 προφάσεις
977 1714 1029 1779 διά
1054 1716 1255 1797 παρενδέτων
1278 1710 1398 1795 προσά-

298 1847 367 1887 πων
388 1829 454 1885 κατ’
471 1816 572 1884 αδτοῦ
595 1818 829 1904 ἐσκαιωρηκώς,
852 1811 1122 1905 παραγκωνίζεται
1146 1812 1252 1878 δὲκαὶ
1272 1811 1325 1879 τὸν
1345 1818 1430 1892 rod15

296 1922 517 2007 βασιλεύοντος
549 1925 637 1984 θεῖον
667 1920 719 1985 τὸν
748 1922 921 2001 Καίσαρα,
953 1921 1008 1981 καί
1035 1918 1078 2003 τῷ
1098 1921 1229 1997 βασιλεῖ
1246 1920 1397 2001 περιφρο-

297 2021 451 2105 γοάμενον
474 2017 637 2105 ήμοῖλλον
660 2024 760 2101 εἰπεῖν
782 2016 923 2102 ὕποπτον
952 2019 1177 2103 ἀπεργάζεται.
1222 2018 1277 2080 καί
1299 2015 1398 2091 άπλαλς

297 2125 419 2199 πάντας
438 2122 513 2198 τοάς
527 2119 751 2197 ὀἰκειοτάτους
772 2119 1023 2203 πολεμιωτάτους
1054 2114 1137 2183 εἶναι
1158 2112 1399 2202 συκοφαντήσας

298 2226 353 2288 καί
372 2226 430 2306 τῆς
444 2223 503 2287 rod
524 2227 681 2303 βασιλέως
701 2218 928 2309 ζάποστερήσας
952 2219 1120 2306 ε’γγάτήτος
1131 2266 1142 2297 ,
1166 2216 1240 2281 δ’λονΙ
1259 2220 1305 2294 εἰς
1327 2214 1397 2285 iao·

297 2323 352 2390 τάν
373 2320 574 2389 άποποιεῖται
597 2315 652 2388 τάν
680 2327 888 2407 μειρακίσκον
914 2316 1045 2392 άνακτα.
1098 2320 1153 2385 καί
1170 2322 1265 2385 τοῦτο
1285 2310 1323 2405 ἦν
1344 2324 1431 2399 (lu-pt

297 2425 420 2494 σιλικδν
440 2426 596 2511 ἐπίταγμα
620 2432 676 2494 καί
688 2428 883 2512 συντήρήμα,
904 2419 980 2512 ὅπερ
996 2429 1039 2514 τῷ
1060 2427 1195 2514 κακίστῳ
1218 2422 1322 2511 τούτῳ
1339 2427 1397 2488 Νι-

298 2528 429 2618 κήφόριρ
442 2533 618 2608 συνέδοξεν.
640 2533 786 2596 ἐντεῦθεν
803 2529 987 2614 κατηγορίαι
1007 2529 1062 2593 καί
1076 2524 1264 2612 ἀπαιτήσεις
1288 2519 1397 2589 άδάων

299 2631 425 2714 άνδροδν
446 2634 501 2694 καί
522 2630 683 2707 α’ποτίσεις
703 2625 952 2715 άχρεωστήτων,
974 2627 1028 2694 κατ’
1051 2628 1168 2714 κρίσεις
1190 2631 1234 2718 τῷ
1260 2629 1396 2714 δημοσίῳ

212 2792 221 2812 ,
300 2728 337 2795 τά
357 2733 452 2796 πλέον
481 2723 502 2814 ή
523 2735 566 2818 τῷ
588 2733 699 2820 δικαίῳ
717 2734 966 2817 προσνέμονται,
995 2731 1054 2818 ἀφ’
1083 2721 1321 2817 ὧνδήμεάσεις
1343 2752 1397 2792 κα-

375 2892 399 2944 1.
420 2895 479 2966 τῆς]
499 2894 548 2947 καλ
565 2892 613 2960 τής
631 2890 661 2947 G·
734 2929 736 2933 .

302 3039 496 3108 aliquantisper
513 3041 540 3092 in
560 3057 678 3108 carcere,
700 3056 732 3094 eo
753 3041 814 3095 loco
839 3042 885 3094 ubi
904 3049 983 3095 antea
1011 3041 1098 3096 clarus
1117 3042 1274 3110 habebatur,
1294 3043 1396 3111 antiqua

302 3111 434 3166 felicitate
452 3113 480 3164 in
498 3108 553 3165 talc
571 3115 745 3166 infortunium
764 3130 904 3168 conversa.
944 3116 1054 3168 emissus
1078 3123 1165 3167 autem
1185 3131 1244 3167 cum
1263 3115 1393 3184 Diogenes

225 3211 228 3216 ·
302 3184 512 3252 proclamaretur
542 3187 613 3238 etin
632 3184 745 3238 insulam
764 3186 917 3256 relegatus,
937 3187 1059 3257 pecuniis
1079 3202 1145 3240 vero
1164 3189 1304 3255 promissis
1322 3187 1395 3238 iudex

302 3255 484 3322 Peloponnesi
510 3223 536 3308 ir
561 3258 688 3312 Graeciae
717 3260 875 3310 constitutus
901 3261 975 3313 illam
1000 3260 1165 3327 provinciam
1194 3257 1393 3312 administrabat.

243 3377 251 3390 ,
279 3353 282 3357 >
302 3327 374 3380 hunc
392 3336 531 3397 postquam
550 3346 608 3382 cum
627 3331 721 3382 damno
740 3330 845 3396 imperii
858 3330 970 3386 Romani
985 3335 1096 3384 arcessit
1106 3331 1220 3385 llichael
1239 3334 1273 3384 ad
1292 3345 1396 3400 regnum

304 3407 426 3463 evectus,
441 3399 522 3468 paulo
541 3409 602 3469 post
620 3404 748 3453 universa
766 3403 934 3470 negotiorum
954 3419 1017 3456 cura
1046 3405 1071 3453 ei
1091 3404 1230 3457 commissa
1247 3403 1396 3474 logothetae

304 3486 397 3524 cursus
418 3480 523 3536 creato,
550 3475 607 3524 eius
636 3489 665 3525 se
690 3473 929 3528 machinationibus
959 3483 985 3527 et
1012 3476 1116 3527 astutiis
1137 3477 1270 3540 captivum
1289 3474 1396 3534 tradidit,

303 3543 405 3612 quippe
434 3544 480 3611 qui
503 3543 606 3595 solidae
630 3545 727 3596 mentis
754 3561 849 3613 expers
874 3548 1054 3599 delectaretur
1079 3545 1238 3614 puerilibus.
1282 3545 1396 3600 simulata

303 3615 375 3666 enim
393 3613 759 3683 benevolentiallicephorus
779 3618 864 3669 virum
886 3619 1107 3672 modestissimum
1126 3627 1152 3669 et
1170 3620 1396 3686 sapientissimum,

303 3685 384 3745 Sidae
403 3684 642 3753 archiepiscopum,
662 3702 678 3738 a
695 3689 848 3742 muneribus
867 3691 982 3757 publicis
1001 3689 1132 3756 depellit,
1152 3691 1291 3742 insidiatus
1313 3693 1338 3742 ei
1355 3703 1396 3755 per

303 3755 427 3807 homines
454 3756 594 3809 immissos.
634 3757 752 3811 excludit
779 3768 865 3812 autem
885 3765 963 3816 etiam
983 3761 1143 3815 avunculum
1170 3763 1355 3829 imperatoris,
1374 3768 1397 3811 et

210 3864 213 3871 ,
302 3828 457 3893 imperatori
478 3835 655 3896 contemptum
672 3831 717 3882 vel
736 3834 824 3899 potius
848 3843 999 3902 suspectum
1024 3835 1118 3885 reddit.
1163 3843 1189 3885 et
1208 3836 1315 3886 omnino
1336 3848 1406 3885 con-1

303 3899 496 3952 iunctissimum
515 3916 647 3970 quemque
661 3906 686 3954 ei
698 3904 906 3957 infensissimum
920 3922 980 3958 esse
999 3905 1172 3958 calumniatus
1187 3906 1219 3958 ab
1240 3909 1312 3959 aditu
1330 3905 1397 3972 regis

303 3969 449 4037 prohibuit,
468 3975 554 4039 ipsum
575 3983 661 4025 autem
680 3975 908 4029 adolescentulum
928 3986 1010 4029 totum
1028 3977 1080 4030 sibi
1100 3978 1233 4044 subiecit3
1254 3987 1281 4029 et
1300 3980 1326 4030 id
1343 3979 1396 4029 edi.

305 4041 383 4092 cebat
402 4045 563 4098 etservabat
580 4062 628 4099 rex
647 4049 717 4117 quod
730 4049 846 4116 pessimo
866 4049 928 4101 huic
948 4058 1004 4102 erat
1023 4051 1117 4105 visum.
1154 4050 1216 4101 inde
1235 4049 1394 4102 accusaban-

215 4119 221 4129 “
303 4117 347 4164 tur
368 4121 397 4166 et
412 4116 613 4182 postulabantur
637 4121 767 4185 insontes,
795 4127 821 4172 et
839 4121 989 4190 pendebant
1015 4138 1082 4190 quae
1100 4138 1154 4175 non
1173 4121 1326 4186 debebantt
1340 4121 1396 4172 inde
1441 4126 1443 4134 ’

272 4251 280 4260 .
303 4182 404 4246 iudicia
423 4186 488 4242 heco
507 4188 567 4256 plue
588 4206 664 4259 quom
693 4191 809 4248 iustitiae
828 4192 995 4260 tribuebant3
1021 4194 1081 4248 inde
1109 4189 1321 4264 publicabuntur
1331 4193 1397 4247 hona
