2967 4825
557 202 764 277 nrsroam.
1139 167 1231 280 tot

109 364 276 449 γινόμενος
298 363 353 430 ναί
367 363 566 494 τῆνιίρηνην
590 370 838 453 διαπορθμεύων
868 374 924 436 ναί
950 369 1049 436 πολλοὶ
1072 371 1134 437 τάν
1155 371 1218 454 οἶμ·

110 466 411 552 φιοβητημάταν(
386 493 429 544 ιος
450 468 566 534 ἐπίπαν
599 469 833 555 καταπραάνεον
862 470 917 536 καί
937 471 1110 553 πολεμικάς
1126 495 1220 596 περιυ

109 568 242 644 στάσεις
262 567 446 652 ἀποσοβῶν·
490 549 582 635 ἔπεσε
603 573 639 635 δὲ
658 577 828 654 τηνικαῦτα
861 573 894 652 ε”ξ
915 568 1096 655 αὐτομάτου
1117 574 1137 658 ᾖ
1161 575 1220 638 τοῦ

81 670 291 751 ὟΒρυεννιοα
313 671 421 756 σκηνή,
436 676 498 737 τοῦ
514 671 637 759 όρόφου
659 674 779 758 ταύτης
801 677 1042 758 παραλυθέντος
1065 671 1219 740 toramen

80 767 262 852 ὄάοράτοις
282 776 403 857 χερσίν.
446 761 526 860 άπερ
547 779 771 861 καταστροφῆς
802 777 903 842 adron
929 772 1088 858 σύμβολον
1111 777 1218 857 vitreu—
1287 777 1289 784 ’

111 872 170 943 oce
189 878 253 946 τοῖς
273 882 413 950 συνετοῖς
435 876 624 960 διεγνοόοθη,
648 874 718 939 ἐπεί
739 875 794 941 καί
814 876 875 960 πρό
898 879 991 942 τινοῖν
1015 871 1142 960 ἡμερῶν
1163 871 1216 940 ἔτι

107 977 217 1053 λειψις
239 977 295 1058 τῆς
315 974 447 1060 σελήνης
469 984 617 1058 γεγονυῖα
637 977 694 1061 τὴν
714 981 836 1044 πτῶσιν
856 980 959 1043 edred
980 977 1035 1042 καί
1055 975 1137 1062 adop*
1156 1001 1215 1043 κα·

107 1077 288 1157 τεμὴνυσε·
335 1083 517 1178 τεκμαίρειν
548 1077 608 1163 γάρ
630 1077 684 1164 την
714 1075 849 1166 σελήνην
877 1081 922 1154 είς
943 1079 1014 1154 todo
1035 1077 1344 1157 inardescant.

106 1170 139 1239 οἳ
163 1181 237 1258 περί
269 1175 327 1254 τάς
354 1182 416 1243 τάν
437 1181 614 1266 (μυστήριον
643 1180 781 1266 δινήσεις
804 1185 904 1248 δειιοι
923 1205 976 1246 και
972 1179 1217 1268 μαθηματικαί

66 1289 98 1344 10
107 1279 247 1360 λεγοοσι
270 1284 325 1344 καί
348 1279 383 1346 τό
406 1279 646 1368 πάθοςταότης
667 1284 771 1359 πάθος
792 1286 851 1348 cod
865 1283 1114 1360 άαοοτατοόντος
1136 1305 1215 1368 προ·

108 1383 342 1462 καταγγέλλειν.

133 1484 136 1489 ’
204 1480 448 1560 Ἐπανιλθόντος
479 1487 515 1549 δὲ
540 1489 599 1550 τοῦ
627 1485 769 1552 τοιούτου
798 1491 976 1573 πρέσβεως,
997 1482 1232 1570 καταγελάσας,

107 1575 127 1643 ό
150 1581 303 1662 βασιλεός
326 1584 383 1668 τῆς
403 1589 461 1650 τοῦ
481 1591 658 1669 Βρυεννίου
678 1587 880 1673 θρασύτητος
911 1585 1012 1672 ἔργων
1036 1586 1214 1669 πολεμινάν

106 1680 165 1746 καί
189 1688 458 1777 στρατηγημάτων
487 1692 643 1771 ἐπιμελῶς
666 1689 789 1772 εἴχετο,
819 1688 873 1754 ’καί
903 1686 959 1774 τὴν
979 1692 1037 1754 τοῦ
1058 1686 1212 1773 τυράννου
1239 1755 1241 1766 p

66 1793 97 1846 15
107 1784 281 1850 κατάλυσιν
305 1788 475 1874 εόθαρσοός
496 1791 706 1875 προηγόρευεν
727 1792 761 1855 εἰι
779 1797 834 1873 τῆς
855 1785 922 1854 cioca
943 1789 1040 1876 ῥοπῆς
1060 1788 1116 1852 ταί
1132 1792 1213 1870 βου·

107 1887 164 1966 λῆς
187 1887 242 1950 καί
262 1887 317 1970 τῆς
331 1890 417 1966 ἰδίας
439 1891 609 1974 εὐβουλίας
629 1893 686 1954 καί
704 1894 934 1980 γενναιότητος,
956 1890 1011 1974 τῆς
1022 1890 1107 1975 νίκης
1128 1885 1213 1970 ἔχων

42 2053 45 2056 ,
107 1986 238 2072 άψευδῆ
259 1987 297 2053 τά
323 1993 469 2077 ἐνέχυρα.
505 1987 594 2056 ἀ’λλά
620 1995 675 2056 ναί
694 1989 724 2057 οἱ
757 1994 790 2056 ἐν
813 1997 896 2056 τέλει
919 1991 1031 2066 πάντες
1054 1991 1094 2054 δι’
1116 1989 1212 2074 όργῆς

108 2089 297 2173 ἐποιήσαντο
326 2089 384 2174 την
411 2093 468 2156 τοῦ
492 2097 665 2177 Βρυεννίου
689 2096 924 2178 α’πανθρονπίαν
955 2096 1010 2158 καί
1030 2089 1212 2176 ἀδιάκριτον

107 2187 246 2282 γνώμην,
267 2192 313 2274 μή
338 2193 552 2277 διακρίνοντος
577 2193 633 2280 τήν
654 2219 686 2261 τε
708 2198 771 2259 τιόν
795 2193 957 2280 προγόνων
977 2198 1034 2259 τοῦ
1055 2197 1212 2275 βασιλέως

67 2291 271 2375 θῡεόγίνειαν
294 2294 424 2379 κοίτην
447 2289 570 2360 ἄνωθεν
585 2300 848 2378 περιλάμπουσαν
870 2296 987 2374 ου’τοός
1009 2299 1041 2361 ἐν
1061 2304 1127 2370 τοῖς
1151 2317 1210 2358 που

106 2399 246 2475 λεμικοΐς
276 2395 565 2482 άνδραγαθὴμασιν
599 2396 715 2483 α’ρετὴν
737 2397 791 2462 καί
821 2395 861 2463 τά
882 2396 1054 2478 κατά“τιόν
1082 2391 1210 2481 ἐχθράν

107 2501 313 2581 άγοονιλτματα
348 2500 402 2563 καί
426 2504 659 2583 παλαίσματα,
683 2498 739 2564 καί
766 2497 822 2583 την
849 2499 950 2564 ednod
970 2501 1029 2563 τοό
1052 2500 1209 2580 duneline

108 2598 313 2685 λαμπρότητα
345 2599 402 2664 καί
419 2598 582 2693 όπεροχὴν
605 2604 639 2667 ἒν
666 2603 827 2688 δξτιάμοοι
846 2605 902 2667 ναί
921 2606 1101 2682 πολεμικοῖς
1121 2597 1209 2681 τάγα-

108 2706 261 2785 υίσμαοι,
295 2704 351 2768 καί
369 2699 405 2768 τό
428 2701 536 2786 άγενὲς
557 2707 613 2789 τῆς
633 2699 750 2768 ἑαυτοῦ
773 2706 912 2791 φατρίας
941 2703 996 2768 καί
1017 2699 1207 2786 συγγενείας.
1294 2715 1311 2731 ‘

108 3008 304 3061 controversias
323 3008 481 3077 pleramque
499 3010 623 3077 mitigans
642 3016 670 3060 et
688 3008 788 3060 bellica
812 3006 934 3077 pericula
952 3007 1101 3074 depellens.
1140 3023 1207 3061 con.

108 3081 172 3132 cidit
188 3088 276 3131 autem
293 3088 348 3131 tam
368 3090 464 3147 sponte
483 3080 612 3146 Bryenuii
631 3081 774 3132 tentorium
799 3088 870 3132 tecto
899 3080 956 3131 eius
985 3078 1115 3132 dissoluto
1136 3080 1206 3131 circa

107 3152 225 3204 manibus
242 3167 296 3203 nou
323 3153 528 3219 apparentibus:
552 3152 579 3203 id
609 3152 683 3219 quod
697 3152 846 3204 eversionis
876 3152 934 3203 eius
961 3152 1065 3218 signam
1092 3150 1206 3202 inlallax

107 3223 276 3291 prudentibus
297 3225 527 3307 cognoscebatur:
555 3240 613 3274 cum
635 3225 712 3275 etiam
738 3222 876 3275 nonnullis
894 3222 987 3273 diebus
1007 3230 1068 3273 ante
1087 3222 1204 3273 deiectio

108 3296 186 3348 lanae
204 3310 293 3347 casum
320 3298 378 3348 eius
398 3304 425 3347 et
442 3298 500 3362 ipsa
518 3296 715 3363 significasset:
745 3303 867 3363 spectare
888 3294 957 3345 enim
976 3292 1065 3345 lunam
1085 3282 1117 3344 ad
1131 3308 1204 3360 apo-

107 3374 186 3419 statas
204 3368 295 3418 dicunt
313 3369 358 3435 qui
385 3376 487 3418 meatus
516 3366 643 3418 luminum
665 3368 745 3434 periti
771 3375 831 3419 suut
861 3375 887 3418 et
914 3364 1102 3429 mathematici,
1123 3373 1204 3433 atque

109 3438 183 3489 buius
201 3440 372 3489 mutationem
391 3447 530 3506 apostatae
548 3440 720 3489 mutationem
739 3446 818 3491 antea
835 3439 968 3489 nuntiare.

119 3534 123 3537 ’
202 3535 324 3587 Reverso
343 3544 431 3588 autem
449 3536 497 3587 tali
516 3536 606 3604 legato
625 3537 738 3587 irridens
760 3552 809 3588 rex
827 3536 963 3587 audaciam
975 3532 1104 3599 Brvennii
1122 3532 1203 3585 rebus

107 3606 209 3658 bellicis
229 3615 257 3658 et
274 3608 374 3659 artibus
393 3608 473 3659 valde
493 3608 633 3672 studebat,
665 3616 692 3659 ct
711 3609 818 3675 tyranni
838 3610 1006 3659 eversionem
1024 3606 1094 3657 bono
1114 3605 1201 3656 animo

107 3678 281 3745 praedicebat,
302 3696 317 3729 e
335 3695 433 3746 supera
451 3680 588 3731 decisione
608 3689 634 3731 ct
653 3680 792 3733 voluntate
813 3689 838 3731 et
854 3695 901 3731 suo
921 3677 1035 3731 coneilio
1056 3686 1083 3729 et
1099 3675 1203 3729 nobili.

107 3756 160 3801 tate
183 3750 312 3801 victoriae
337 3751 438 3802 babens
462 3759 536 3802 certa
562 3752 684 3818 pignora.
733 3753 780 3804 sed
809 3753 886 3803 etiarn
918 3753 1087 3819 magistratus
1110 3764 1202 3807 amaea

107 3821 166 3873 irati
185 3830 258 3872 erant
283 3831 393 3889 propter
410 3822 539 3888 Bryennii
562 3824 750 3873 immanitatem
779 3832 805 3875 et
824 3826 954 3875 incertum
973 3821 1124 3884 consilium,
1144 3832 1202 3872 cnm

107 3906 160 3945 non
175 3894 345 3977 dignosceret
363 3895 491 3945 maiorum
507 3896 580 3977 regis
599 3893 766 3945 nobilitatem
788 3902 813 3945 et
833 3910 948 3960 superne
968 3891 1202 3945 circumlucentem

109 3978 155 4016 eoa
176 3966 202 4016 in
220 3963 327 4016 bellicis
351 3966 473 4017 victoriis
504 3966 629 4017 virtutem
649 3974 675 4016 et
705 3966 849 4015 certamina
875 3975 902 4018 et
920 3964 1024 4032 proelia
1043 3970 1134 4015 contra
1151 3963 1202 4013 ad-

109 4038 236 4089 versarios
256 4036 426 4099 instituenda,
447 4045 527 4104 atque
545 4037 712 4104 ipsiusregis
730 4035 900 4102 splendorem
922 4044 948 4087 et
966 4034 1154 4088 excellentiam
1173 4036 1201 4086 ln

109 4108 275 4178 dignitatibus
294 4118 324 4161 et
340 4107 448 4162 bellicis
465 4110 653 4162 certaminibus
667 4116 695 4160 et
712 4106 909 4177 ignobilitatem
924 4124 988 4163 auae
1001 4107 1093 4176 stirpis
1108 4115 1136 4161 et
1151 4120 1201 4161 oe·-

73 4310 78 4319 “
156 4304 171 4341 0

660 4343 670 4384 l
