2967 4825
248 190 327 323 iso
483 333 487 339 ,
553 247 776 320 niominis
805 244 1063 319 intumum

250 422 329 489 κατὰ
365 422 402 487 τό
430 420 562 508 πάτριον
595 422 701 504 αόνούν
727 424 861 505 νόμιμον
893 426 949 506 τῆς
971 424 1054 497 ἰδίας
1085 418 1355 505 προκινδυνεῦσαι

113 526 132 582 f·
153 526 203 581 189
217 542 240 580 r·
251 526 423 611 θρησκείας
444 526 501 591 καί
521 527 653 599 πόλεως.
702 527 770 589 αλλ’
792 518 1086 607 οόκήδυνήθησαν
1117 524 1215 605 μέχρι
1235 516 1354 593 παντὸς

251 630 428 709 α’ντισχεῖν·
482 624 536 690 διό
563 628 685 690 πολλῶν
718 623 780 710 γύρ
806 626 912 707 μερῶν
940 624 1145 708 περισχόντες
1174 618 1290 695 αύτούς
1320 616 1354 681 οῖ

247 723 410 808 Ῥωμαῖοι,
432 728 487 792 καί
513 725 608 814 τόλμη
637 728 737 811 πολλῇ
767 730 822 792 καῖ
855 721 963 799 ὅπλοις
994 717 1154 808 ἑκηβόλοις
1176 720 1230 787 καί
1251 742 1353 785 σανα-

170 873 172 882 =
249 831 377 916 σπισμηῖ
398 825 664 913 καταπλήξαντες,
688 824 898 946 δορυκτήτους
918 820 1037 899 αύτούς
1059 826 1275 947 πεποιήκασιν
1298 822 1380 887 ἐπί5

250 932 287 995 δέ
306 953 341 1013 γε
364 932 422 1015 τῆς
452 928 650 1026 α’κροπόλεορς
675 925 755 1014 (ἐστι
782 954 843 1013 γαρ
869 928 1014 1001 ἐπίπεδος
1034 930 1093 1007 μὲν
1115 950 1167 989 και
1192 918 1273 1043 αύτή
1298 924 1356 986 καί

249 1030 286 1117 τῇ
306 1031 430 1095 πόλει“
414 1028 611 1114 ομόστοιχος,
631 1034 759 1155 τείχεσι
766 1033 800 1095 δέ
818 1025 1032 1113 ὑψηλοτάτοις
1049 1022 1127 1110 όγαν
1145 1029 1200 1091 καί
1220 1021 1354 1109 πύργοις

249 1130 370 1216 αἐρίοις
393 1133 618 1216 πεπυκνωμένη
648 1132 703 1195 καί
724 1123 791 1195 οἷον
816 1130 999 1215 ανιίλωτος)
1023 1129 1061 1191 ού
1082 1128 1230 1211 τοιαύτην
1257 1116 1354 1208 εὸρον

251 1256 282 1297 οι
299 1233 452 1316 Ῥωμαῖοι
470 1230 529 1318 τήν
555 1235 719 1298 εόκολίαν
763 1235 863 1297 ἐκεῖσε
884 1230 945 1315 γόρ
970 1229 1271 1313 είσιόνΣαρακηνῶν
1293 1230 1354 1291 οόκ

249 1334 465 1419 εὐαρίθμητον
500 1340 621 1419 πλῆθος
651 1338 839 1418 ἐρρωμένως
882 1333 1036 1416 ἠμύνατο.
1096 1332 1134 1395 οδ
1165 1328 1229 1415 μήν
1255 1333 1355 1414 μέχρι
1366 1330 1404 1387 10

248 1439 367 1501 πολλού
387 1436 443 1522 τήν
464 1436 612 1523 φυλακήν
632 1439 689 1519 τής
710 1430 809 1519 ἄκρας
831 1441 935 1519 τηρεῖν
958 1429 1180 1518 ἠδυνήθησαν·
1223 1429 1354 1496 κνκλόσε

249 1538 311 1623 γὰρ
336 1537 355 1602 ό
376 1535 527 1620 βασιλεύς
557 1534 665 1614 ὅπλοις
685 1540 740 1602 κατ’
756 1541 914 1619 μηχαναῖς
946 1533 1063 1625 αύτούς
1084 1538 1277 1613 κατατείνας,
1301 1532 1357 1596 καί

251 1639 454 1723 πετροβόλοις
478 1635 621 1723 ὀργάνοις
642 1638 698 1703 καί
718 1636 819 1714 τόξοις
850 1636 893 1709 σός
913 1633 1025 1721 νιφόσι
1047 1638 1279 1714 κατακοντίσας,
1301 1631 1358 1695 καί
1378 1708 1381 1713 ¹

251 1738 379 1823 χείματι
399 1738 456 1821 τήν
478 1735 598 1804 ὅλονσιν
613 1742 647 1803 ἐκ
669 1743 851 1821 πολιορκίας
865 1738 1112 1817 ἐπιδειξόμενος,
1138 1733 1357 1805 ὅποσπόνδους

250 1836 410 1921 πεποιήκε.
434 1837 685 1924 πρεσβεύσαντες
701 1837 759 1922 γόρ
778 1841 834 1903 καί
854 1837 1039 1921 συγγνώμης
1059 1844 1168 1919 τυχεῖν
1181 1834 1357 1919 αἰτησόμε-
1369 1832 1406 1885 15

252 1963 312 2021 νοι,
332 1944 387 2003 καί
406 1932 522 2021 λύτρον
542 1941 598 2024 τήν
619 1938 776 2025 ἱκετηρίαν
797 1941 902 2003 αότιύν
912 1962 944 2003 τε
961 1942 1015 2003 κατ’
1032 1936 1190 2020 γυναικοόν
1211 1938 1266 2000 καί
1278 1937 1358 2001 παί-

253 2044 317 2105 δων
340 2043 394 2105 καί
416 2043 472 2124 τῆς
493 2043 603 2126 λοιπῆς
623 2041 735 2116 ον’σίας
755 2044 970 2124 προθέμενοι,
992 2038 1047 2105 τόν
1070 2041 1203 2122 βασιλέα
1226 2038 1358 2103 κατεδυ-

253 2138 404 2227 σιόπησαν
426 2143 481 2207 καί
505 2147 568 2207 τῶν
597 2140 674 2207 κατό
699 2138 818 2206 σκοπόν
841 2140 880 2204 ού
902 2141 1083 2226 διήμαρτον.
1136 2134 1358 2224 κυριεύσαντες

255 2246 291 2309 δὲ
312 2244 367 2309 καί
387 2247 443 2329 τῆς
465 2243 668 2331 αἰιροπόλεως
689 2241 730 2311 ,οἱ
750 2242 921 2323 Ῥωμαῖοι,
943 2242 1164 2327 μεσιτεύοντος
1186 2249 1250 2317 τοῖς
1271 2236 1360 2323 πρό-

252 2370 370 2431 γμασιν
396 2345 514 2432 α’νδρός
534 2348 704 2466 Ἀσσυρίου
727 2349 786 2429 μὲν
807 2343 959 2438 τὸγένος
987 2350 1125 2432 γέννημα
1146 2346 1199 2431 τῆς
1218 2340 1409 2426 μεγάληςνθ

250 2447 445 2532 Ἀντιοχειας
476 2447 700 2532 τυγχάνοντος,
723 2441 828 2532 οἴκρως
861 2450 890 2512 δ’
919 2449 1127 2532 ἐξησκημένον
1153 2445 1208 2530 τήν
1227 2468 1260 2510 τε
1275 2441 1361 2508 Pm-

253 2545 372 2634 μαῖκήν
393 2547 510 2636 σοφίαν
530 2553 584 2614 καί
606 2551 774 2614 παίδευσιν
796 2575 847 2614 και
873 2573 927 2633 την
948 2553 1011 2615 τοῖν
1029 2550 1223 2676 Σαρακηνιύν
1244 2543 1297 2611 διό
1319 2542 1357 2610 τὸ

254 2654 307 2735 τῆς
327 2648 456 2737 φύσεως
478 2644 636 2729 εύσταλές
649 2654 703 2716 καί
721 2648 896 2736 μετειόρον,
921 2677 973 2716 και
1001 2651 1187 2738 προσίοντος
1210 2645 1360 2768 εόμηχά-

254 2777 315 2828 νοος
336 2752 374 2841 τῇ
396 2751 582 2838 ακροπόλει,
602 2755 657 2818 καί
676 2751 734 2830 τός
753 2753 853 2828 πύλας
874 2753 1036 2830 Ῥωσικοῖς
1057 2745 1204 2830 ὅπλοις
1189 2775 1222 2814 εν
1246 2751 1289 2836 τιή
1309 2748 1357 2812 εί.

256 3023 357 3080 oultnm
383 3027 518 3095 proprium
543 3027 688 3080 defendere
717 3037 744 3080 et
761 3029 868 3082 urbems
896 3029 943 3081 sed
968 3043 1021 3080 non
1040 3034 1184 3096 potuerunt
1201 3041 1250 3095 per
1269 3024 1361 3079 omnia

256 3099 361 3151 durare.
403 3099 573 3166 permultas
593 3102 666 3152 enim
682 3110 771 3167 partes
798 3102 991 3154 circumdantes
1020 3115 1066 3152 cos
1086 3099 1180 3152 Graeci
1201 3106 1227 3150 et
1245 3099 1359 3150 audacia

211 3228 218 3233 ,
257 3171 340 3224 multa
359 3179 385 3222 et
409 3173 489 3223 armis
515 3174 616 3225 eminus
640 3173 728 3225 missis
755 3182 781 3225 et
809 3182 943 3224 scutorum
970 3173 1114 3223 certamine
1132 3177 1263 3222 terrentes
1282 3169 1359 3220 bello

256 3249 349 3327 captos
369 3257 416 3294 eos
436 3243 574 3296 fecerunt.
594 3259 653 3294 cum
672 3251 760 3295 autem
775 3247 843 3296 arcis
865 3245 921 3313 (est
936 3246 1003 3296 enim
1023 3259 1109 3312 aeque
1130 3244 1231 3310 etipsa
1250 3250 1278 3292 et
1295 3240 1358 3292 urbi

256 3315 346 3366 uicina
357 3322 384 3364 et
393 3317 475 3367 muris
494 3315 631 3367 altissimis
651 3315 730 3367 valde
743 3324 771 3367 et
780 3315 897 3379 turribus
915 3317 1002 3368 aereis
1015 3317 1116 3368 firmata
1128 3322 1154 3366 et
1165 3313 1359 3397 quedammodo

256 3387 371 3455 invicta)
390 3402 445 3438 non
464 3386 544 3438 talem
563 3388 719 3437 invenirent
729 3386 824 3439 Graeci
845 3373 1068 3452 facilitatcm‚-
1087 3385 1153 3437 illue
1173 3387 1242 3438 enim
1261 3386 1360 3454 ingre-

256 3459 332 3510 diens
352 3450 543 3511 Saracenorum
568 3473 623 3508 non
650 3473 733 3525 parva
759 3459 898 3510 multitudo
919 3459 1033 3511 'fortiter
1060 3458 1219 3510 arcebat-
1237 3472 1292 3508 non
1313 3457 1361 3508 diu

257 3530 418 3595 praesidium
438 3529 508 3582 arcis
528 3544 637 3582 servare
656 3537 807 3596 potuerunt
830 3530 900 3596 Gyro
922 3531 991 3581 enim
1015 3547 1063 3582 rex
1082 3531 1161 3582 armis
1181 3538 1208 3580 et
1225 3529 1360 3580 machinis

258 3616 305 3652 eos
324 3615 447 3666 premens
468 3607 495 3651 et
513 3601 654 3667 catapultis
674 3611 701 3653 et
725 3601 821 3654 iaculis
840 3610 869 3653 ut
887 3603 957 3654 nivis
977 3602 1146 3654 multitudine
1165 3601 1304 3665 iaculans,
1331 3608 1361 3651 et

258 3671 332 3723 vallo
354 3673 578 3738 expugnationem
599 3688 632 3722 ex
651 3674 850 3740 oppugnatione
868 3675 982 3738 minans,
1002 3674 1121 3726 inducias
1136 3681 1259 3741 petentes
1279 3672 1359 3723 iecit.
1441 3683 1446 3686 ·

195 3770 200 3775 ·
257 3743 363 3811 legatos
383 3744 452 3793 enim
470 3745 606 3795 mittentes
623 3753 649 3795 et
667 3746 773 3795 veniam
792 3754 915 3812 petentes
936 3755 962 3796 et
975 3745 1075 3812 piaculi
1095 3754 1175 3798 causa
1193 3759 1288 3812 preces
1307 3759 1361 3798 au-

258 3815 317 3866 xilii
335 3829 396 3867 suas
422 3822 448 3865 et
475 3814 615 3866 mulierum
642 3825 668 3867 et
695 3815 839 3868 liberorum
868 3826 894 3869 et
915 3817 1036 3885 reliquae
1055 3817 1234 3884 possessionis
1254 3831 1360 3883 propo.

256 3892 352 3955 nentes
380 3901 471 3955 regem
495 3887 637 3954 supplicati
662 3896 723 3939 suut
750 3897 775 3940 et
799 3905 814 3938 a
841 3891 979 3956 proposito
1007 3903 1061 3941 nen
1087 3889 1260 3940 aberraruntt
1279 3887 1361 3954 potiti

258 3965 345 4009 autem
374 3959 451 4009 etium
478 3974 540 4009 arce
567 3958 662 4011 Graeci
685 3975 729 4013 res
758 3961 919 4012 conciliante
944 3960 1051 4012 homine
1077 3962 1206 4026 Assyrio,
1226 3961 1361 4028 originem

259 4045 274 4080 e
291 4045 387 4097 magns
404 4029 548 4082 Antiochia
566 4031 689 4095 ducente,
709 4039 737 4082 et
755 4031 834 4084 valde
854 4033 1000 4083 exercitato
1020 4034 1048 4084 in
1067 4033 1226 4085 Graecorum
1246 4033 1362 4098 sapien..
1398 4063 1402 4070 -

258 4102 296 4154 tia
316 4109 342 4152 et
361 4102 529 4153 institutione
549 4111 576 4153 ct
591 4102 783 4155 Saracenorum
801 4111 911 4170 propter
928 4113 1047 4156 naturam
1075 4103 1183 4156 facilem
1202 4112 1230 4155 et
1248 4103 1362 4166 celsam,

259 4181 287 4228 et
303 4174 451 4251 accedente
468 4183 530 4242 apte
548 4175 581 4230 ud
600 4183 726 4226 areemet
743 4183 834 4242 portas
853 4175 958 4230 llosicis
977 4177 1056 4230 armis
1074 4176 1249 4246 ingrediendo
1270 4175 1365 4230 obsti..
