2967 4825
548 223 757 297 smonn.
928 219 933 224 ·
1132 225 1207 302 om
1291 167 1295 174 Ι

104 399 167 485 γᾶρ
191 393 230 485 ἦν
249 397 284 466 ῐό
313 402 370 486 τῆς
389 395 595 486 εδδαιμονίας
616 411 650 473 ἐν
672 405 793 488 άπασι,
815 407 868 471 καί
894 406 981 493 κοινῆ
1002 410 1058 492 τῆς
1078 411 1209 496 εδεργε-

105 507 180 577 σίας
202 501 221 587 ἦ
241 505 418 585 ἐπιμένεια.
472 508 524 592 ἐφ’
558 500 605 583 οἷς
634 511 689 574 καί
718 508 837 591 άπορία
867 506 988 586 πάντας
1006 519 1133 595 κατεῖχε
1155 516 1211 579 καί

104 602 233 685 θάμβος
253 605 404 682 ἐξαίσιον,
427 608 495 682 παῖς
519 611 577 672 rori
595 609 918 692 προβεβασιλευκδτος
936 610 1079 696 ,Μιχαὴλ
1099 615 1209 678 πενίαν

104 707 299 790 θρηνοῦντος
331 706 384 770 αἐί
408 709 465 772 καί
484 708 623 832 ρῖπορίαν
642 708 756 795 δεινήν,
786 715 841 776 καί
862 704 1020 776 οἷδάνατον
1042 709 1209 800 αὐτῷτὴν

80 811 97 864 5
104 815 205 890 χεῖρα
223 803 416 872 καθεστάναι
438 805 517 890 πρδς
538 810 720 894 εδεργεσίαν
740 810 861 936 μικράν,
882 813 1076 896 ἐπιλέγοντος
1097 775 1151 877 διά
1172 813 1206 877 τδ

104 909 165 990 τῆς
186 910 350 986 βασιλείοις
371 907 455 990 τάχα
476 905 683 996 δυστύχημα,
700 913 735 976 ἐκ
751 913 849 978 ποίων
863 937 969 998 πηγων
990 905 1083 989 ουτος
1102 937 1118 976 ο
1141 914 1207 1008 μετ’

105 1010 229 1073 ἐκεῖνον
259 1005 299 1072 τά
319 1007 490 1091 Ῥωμαίων
521 1015 661 1096 σκῆπτρα
691 1010 903 1097 ἐγχειρισθείς
932 1013 1091 1089 τοσαάτας
1116 1015 1209 1080 άνεκ-

106 1106 274 1193 διηγὴτους
307 1109 489 1194 εδεργεσίας
511 1113 566 1178 καί
590 1112 694 1192 δόσεις
720 1139 774 1179 και
801 1113 993 1181 πλουτοποιά
1026 1116 1239 1201 χαρίσματαλ
1257 1123 1343 1181 ator.

105 1208 293 1296 ἐνεδείξατο,
317 1213 372 1276 καί
390 1211 487 1294 τιμάς
509 1212 589 1297 δπέρ
611 1216 746 1299 ψάμμον
766 1217 820 1280 καί
840 1215 936 1301 χορὸν
959 1217 1118 1300 οὐρανίων
1141 1243 1212 1305 φω-

64 1309 244 1397 Ῑθστὴρων.
267 1311 322 1377 καί
341 1315 403 1377 τῶν
421 1317 481 1395 μὲν
497 1309 599 1379 άλλων
620 1312 748 1399 ἡμερῶν
768 1317 824 1392 τάς
844 1315 939 1398 τιμάς
958 1316 1011 1382 διά
1034 1317 1070 1382 τδ
1092 1323 1212 1406 πλῆθος

105 1416 167 1476 καί
186 1411 220 1477 τά
246 1411 397 1499 α’όριστον
416 1420 490 1503 σιγῇ
510 1419 747 1499 παραδέδοται·
778 1415 815 1483 τά
845 1421 875 1481 δ’
894 1421 949 1482 ἐπί
969 1421 1009 1506 τῇ
1027 1421 1089 1485 τάν
1110 1422 1212 1502 βαίνοι

104 1518 245 1638 κυριακῇ
259 1513 378 1590 πάντας
396 1515 594 1599 άμωσγέπως
607 1521 787 1606 ἐξέπληξαν.
809 1521 898 1585 πάσα
912 1519 974 1603 γάρ
990 1519 1009 1604 ἦ
1029 1518 1213 1607 σύγκλητος,

106 1614 191 1699 δπέρ
207 1617 370 1699 μυριάδας
384 1617 509 1701 άνδριὸν
522 1625 818 1705 παραμετρουμένη,
839 1645 898 1685 κατ
898 1613 1025 1704 ’άνδρα
1042 1625 1097 1686 καί
1108 1646 1211 1709 κεφα-

105 1715 168 1798 λην
193 1715 341 1798 μεγάλων
367 1718 512 1801 ἠξιοῦντο
529 1744 638 1801 τιμων,
653 1726 887 1845 τετραριβμους
906 1747 957 1787 και
955 1725 1214 1808 ’πενταρίβμους

64 1824 95 1880 15
104 1816 257 1899 βαθμους
277 1816 597 1903 intermanentes
572 1846 615 1898 ως
632 1824 714 1906 μηδὲ
735 1820 834 1886 α’άτδν
851 1821 904 1888 τὸν
918 1815 1213 1942 πρωτοβεστιάριον

105 1915 144 1982 ἐκ
165 1918 224 1982 τοῦ
242 1921 400 2000 βασιλέως
430 1917 471 1984 δι
472 1925 591 1987 νασδαι
619 1920 883 2004 παραλαμβάνειν
910 1922 986 1996 τοδς
1015 1926 1212 2004 τιμωμένους

104 2016 218 2092 καί
180 2042 238 2096 τας
257 2016 348 2096 άξίας
365 2023 555 2114 ἐπιφωνεῖν,
574 2020 654 2085 α’λλά
675 2024 895 2086 συναντάσδαι
911 2020 997 2107 παρά
1025 2025 1086 2088 τῶν
1114 2023 1213 2105 τιμάν

106 2123 239 2204 συχνοῖς
261 2122 317 2186 καί
337 2121 552 2208 ὑποστρέφειν
573 2120 628 2187 ἐπί
646 2122 703 2206 τήν
730 2119 890 2207 προβολήν
913 2125 968 2188 καί
991 2115 1088 2200 αὖθις
1110 2120 1215 2189 dodo-

104 2224 315 2308 ποστρέφειν,
340 2217 360 2306 ἢ
382 2220 438 2287 καί
457 2226 511 2288 ἐπί
533 2225 593 2287 τοῦ
614 2225 717 2289 orirer?
737 2221 908 2307 ἱστάμενον
934 2215 1003 2289 ἄλλ’
1033 2227 1081 2288 ἐπ’
1103 2217 1212 2300 άλλοις

61 2322 409 2406 λῡκαταλαμβάνοντας
437 2323 636 2391 ἐπισπεύδειν,
661 2326 745 2389 ου’τ.
771 2373 778 2390 .
808 2323 864 2400 τάς
889 2327 1076 2407 τιμωμένων
1105 2325 1214 2411 ἐκφω-

103 2425 224 2510 νήσεις,
244 2429 299 2490 καί
320 2422 443 2509 pipere
465 2434 555 2507 σχείν
576 2430 759 2509 τηλικοῦτον
781 2420 854 2503 ὅσος
877 2426 964 2513 adrat
984 2428 1040 2490 καί
1060 2422 1120 2509 τὴν
1141 2451 1213 2512 φω-

105 2527 164 2613 νὴν
189 2532 388 2611 περιέκοψεν.
442 2524 520 2592 εἴπω
542 2552 572 2591 τι
595 2528 815 2612 α’στειάτερον,
839 2525 869 2592 οἱ
891 2527 986 2611 α’ργοί
1007 2528 1063 2592 καί
1083 2533 1213 2615 πένητες

104 2635 164 2716 τῆς
186 2626 438 2715 βασιλευσάσης,
469 2626 500 2694 οἱ
519 2636 588 2705 ταῖς
609 2630 792 2696 ἐπισκεπέσι
814 2634 877 2696 τῶν
904 2626 1095 2717 λεωφόρων,
1117 2632 1211 2715 αἵπερ

183 2811 226 2863 11.
244 2807 455 2886 Ιπαραδέδωιιιιλ

108 2984 272 3039 assiduitas.
298 2988 409 3053 propter
435 2998 504 3053 quac
528 2984 607 3036 etiam
632 2983 763 3036 dubitatio
792 2997 884 3037 omnes
902 2984 1011 3037 tenebat
1030 2992 1057 3036 et
1075 2984 1214 3039 admiratio

21 3070 25 3077 ‘
108 3060 218 3127 ingens,
239 3058 371 3127 quomodo
389 3072 449 3107 cum
467 3057 590 3124 superior
616 3072 665 3107 rex
683 3055 798 3109 bliehael
824 3058 941 3124 inopiam
966 3064 1123 3124 quereretur
1141 3072 1214 3108 senr-

108 3147 160 3199 per
181 3139 209 3181 et
226 3136 372 3197 egestatem
396 3129 488 3193 diram,
517 3136 543 3180 et
560 3128 688 3180 infirmam
708 3128 761 3180 sibi
782 3142 884 3179 manum
915 3143 974 3179 esse
993 3128 1096 3178 diceret
1112 3128 1145 3178 ad
1162 3127 1215 3179 be-

108 3203 238 3255 aeficium
255 3216 365 3268 parrum
384 3209 495 3268 propter
512 3201 590 3268 regni
610 3200 751 3264 fortunam,
774 3215 808 3251 ex
826 3199 949 3267 qualibus
968 3198 1085 3249 fontibus
1104 3196 1148 3249 bic
1168 3199 1216 3267 qui

108 3282 175 3359 post
192 3272 268 3324 illum
289 3273 467 3325 Romanorum
485 3280 618 3339 sceptrum
643 3279 786 3338 acceperat
808 3278 880 3335 tauta
899 3270 1089 3321 inenarrabilia
1108 3269 1214 3323 benoli-
1263 3324 1267 3339 ,

110 3348 155 3398 cia
177 3353 205 3396 et
223 3345 292 3396 dona
311 3352 338 3397 et
355 3346 454 3398 divites
475 3344 632 3412 largitiones
651 3343 814 3395 ostendisset
828 3350 854 3393 et
869 3342 985 3393 honores
1004 3356 1084 3408 supra
1106 3356 1214 3395 arenam

110 3424 140 3470 et
160 3417 269 3468 chorum
288 3416 447 3468 coelestium
465 3414 602 3467 luminum.
639 3423 719 3482 atque
746 3415 815 3483 quod
834 3422 982 3466 ceterorum
1004 3413 1105 3465 dierum
1124 3414 1213 3466 hono.
1257 3426 1260 3431 ·

107 3504 156 3541 res
175 3490 271 3540 attinet
289 3496 399 3555 propter
421 3477 615 3540 multitudinem
635 3500 725 3539 eorum
747 3494 774 3537 ct
793 3486 922 3537 inlinitum
945 3500 1084 3536 numerum
1104 3484 1213 3538 silentio

108 3561 202 3613 traditi
232 3567 311 3612 suut:
339 3575 408 3628 quae
432 3568 520 3612 autem
546 3559 590 3610 die
613 3558 745 3610 dominica
778 3556 921 3625 palmarum
940 3556 1103 3622 acciderunt,
1122 3572 1213 3610 omnes

110 3632 205 3700 aliquo
232 3632 311 3682 modo
339 3632 497 3683 excitarunt.
541 3630 625 3683 omnis
654 3632 723 3681 euim
748 3638 895 3682 conventus
920 3629 1053 3695 myriades
1078 3629 1214 3681 hominum

111 3704 247 3757 excedens
269 3703 370 3754 viritim
390 3709 417 3752 et
434 3700 580 3754 secuudum
598 3703 685 3769 capita
697 3702 800 3785 magnis
820 3700 963 3752 ornabatur
981 3700 1126 3753 bonoribus
1145 3716 1213 3770 qua-

110 3785 176 3828 tuor
195 3782 223 3827 ot
241 3776 358 3842 quinque
383 3774 480 3841 gradus
499 3774 703 3857 superantibus,
717 3775 760 3825 ita
784 3780 813 3823 ut
830 3788 864 3823 ne
883 3775 941 3840 ipse
961 3774 1066 3842 quidem
1083 3780 1215 3840 protove.
1294 3770 1296 3773 ’
1337 3798 1340 3805 ·

111 3848 222 3901 stiarius
241 3863 258 3897 a
277 3862 343 3915 rege
361 3853 454 3910 posset
468 3846 593 3912 accipere
612 3844 757 3897 honoratos
772 3852 799 3895 et
815 3841 957 3913 dignitates
976 3846 1150 3911 pronuntiare
1168 3845 1216 3897 sed

112 3919 278 3972 obrueretur
296 3916 444 3968 honoribus
463 3932 544 3984 saepe
564 3924 591 3967 et
609 3917 718 3968 cederet
746 3915 777 3965 ad
798 3916 952 3983 suffragium
970 3932 1115 3983 rursusque
1135 3930 1215 3966 rece

113 3991 194 4042 deret
211 3998 257 4042 aut
276 3990 357 4041 etiam
377 3989 404 4038 iu
429 3989 521 4039 eodem
540 3987 602 4039 loco
622 3996 694 4039 stans
714 3994 844 4053 perpetuo
871 3994 961 4037 auctas
980 3985 1145 4039 acceleraret
1163 3985 1216 4038 ho-

109 4070 270 4125 noratorum
289 4060 523 4129 pronuntiationes
542 4067 570 4111 et
587 4059 706 4111 laborem
725 4056 837 4110 baberet
854 4064 964 4121 tantum,
984 4064 1013 4108 ut
1032 4058 1058 4107 ei
1078 4066 1105 4110 et
1120 4072 1216 4111 rocem

112 4136 269 4209 conticeret
315 4133 404 4186 dicam
429 4132 493 4202 quid
516 4131 661 4218 urbaniore
687 4129 792 4184 desides
817 4136 845 4181 ct
871 4143 1004 4199 pauperes
1031 4129 1105 4185 urbis
1123 4131 1216 4203 quiin
