2967 4825
262 292 311 368 36
495 288 498 297 ’
552 290 775 362 minumus
802 287 1062 358 Automula

260 456 407 544 θόρρησε
433 456 469 523 τὸ
495 454 693 538 Ῥωμαλκόν,
728 451 820 521 καλό
851 449 1004 533 βασιλευς
1025 454 1089 517 τοῖν
1109 452 1164 517 ε’πί
1181 452 1238 535 τῆς
1259 448 1364 532 αυλῆς

261 562 316 627 ἕνα
339 554 516 645 στρατηγόν
551 556 788 681 οἶναδεδειχολς,
809 552 910 644 τούτῳ
932 550 989 629 τοῖς
1020 548 1187 635 ἑσπερίους
1208 544 1366 631 δυνάμεις
1480 569 1481 658 χ

261 658 400 737 ου’θύς’
385 658 567 743 ενεχείρισε.
619 683 672 722 και
693 654 728 732 ὃς
749 653 830 722 κατοὶ
853 656 889 719 τὸ
906 651 1076 739 ·φρούριαν
1097 654 1152 747 τῆς
1172 643 1366 733 Χαριουπό-

262 769 340 884 λαως
361 758 495 844 γτγονοός
515 755 601 835 ἐντός
623 757 738 844 ταύτης
760 756 814 821 τὸν
831 742 963 839 χάρακα
989 757 1123 819 τίθεται.
1166 746 1283 835 μαθων
1303 740 1368 813 οὖν

262 887 305 939 ιος
326 864 448 944 πλῆθος
470 860 526 925 cdx
549 861 768 945 εὐαρίθμητον
780 847 956 922 Σκυθῶν
934 879 1005 938 αρτι
1021 852 1205 941 προσβαλόν
1224 848 1264 917 τὰ
1289 852 1398 934 περίῦ

259 961 317 1048 την
329 961 479 1029 Χαλκίδα
503 962 558 1026 καί
582 958 846 1045 Ἀρκαδιοιλπαλιν
860 957 915 1021 κατ’
934 980 996 1021 οσα
1011 952 1369 1039 δυσμικιὸτιρατυιὶτιον
1481 969 1482 972 ’

260 1060 411 1147 ληίζεται,
425 1056 506 1145 ἄρας
518 1064 640 1127 ἐκεῖθεν
653 1061 850 1145 πανστρατιᾷ
873 1065 940 1133 τοῖς
957 1053 1135 1140 βαρβάροις
1150 1062 1368 1139 καταπληκτι-

261 1166 323 1238 κοῖς
346 1162 572 1248 ἐπιφαίνεται·
615 1164 670 1227 καὶ
691 1158 750 1236 τὰς
775 1157 943 1245 φάλαγγας
966 1155 1095 1237 ἐκτάξας
1116 1157 1293 1240 παλεμιιιῶς
1310 1154 1370 1219 κατ’
1482 1175 1483 1234 l

200 1298 203 1305 ¹
259 1269 395 1350 θαρρεῖν
414 1261 715 1347 παρεγγυησιξμενος
733 1257 796 1325 ἀπὸ
817 1258 953 1345 ῥυτῆρας
967 1253 1087 1346 ἤλαυνε
1105 1263 1174 1323 κατ’
1189 1259 1304 1323 αὐταῖν.
1335 1252 1368 1319 αῖ
1482 1319 1483 1326 χ

262 1366 298 1429 δὲ
315 1362 395 1449 πρὸς
415 1363 528 1446 καιρόν
550 1363 752 1447 ἀντισχόντες
764 1368 820 1429 κατ’
836 1361 892 1446 τήν
903 1357 1013 1447 μα’χην
1026 1360 1290 1441 ε’πισυνᾰψανιες,
1309 1358 1369 1425 κατ’
1380 1362 1424 1417 10

261 1469 307 1541 εἰς
328 1462 425 1550 α’λκῆν
452 1463 688 1549 διερεθιλιαντες
717 1459 861 1542 ἑαυτούς,
881 1464 944 1528 τῶν
958 1461 1127 1539 Ῥωμαίων
1159 1460 1368 1543 ἐπικειμένων

261 1566 317 1633 κατ’
337 1563 473 1643 πολλοὺς
497 1562 712 1651 ἀναιρούντων
727 1566 773 1640 εἰς
797 1564 904 1650 φυγὴν
924 1561 979 1627 κατ’
998 1554 1127 1638 εἴκοντες
1145 1558 1372 1627 ἔνευσαν.;και“

262 1670 320 1752 τῆς
341 1668 479 1747 διώξεως
500 1664 554 1732 ἐπὶ
572 1668 652 1732 πολι)
678 1668 847 1751 γενομένης
866 1666 983 1748 συχνοί
1000 1667 1064 1729 ταῖν
1087 1655 1221 1729 Σκυθῶν
1243 1659 1369 1733 ἔπεσον.

264 1762 330 1835 εἶτα
352 1792 406 1834 και
429 1764 520 1853 λόχυι
542 1791 667 1834 τουτων
690 1764 811 1869 α’θρόον
834 1774 901 1841 τοῖς
920 1769 975 1831 dut*
994 1769 1051 1849 τῆς
1072 1765 1225 1848 ου’ραγίας
1249 1766 1371 1848 ε’πιχυ-

263 1882 372 1985 θέντος
393 1901 448 1944 και
466 1878 562 1945 ου’τοί
583 1881 625 1966 τῇ
653 1881 741 1967 φορᾷ
762 1880 825 1943 τοῖν
846 1875 1044 1943 ἐλαυνόντων
1065 1874 1269 1960 ἡττήθησαν
1311 1898 1370 1938 και
1364 1872 1425 1938 15

162 2044 166 2049 .
263 1978 379 2055 πάντες
416 1979 499 2062 6μοῦ
532 1968 857 2064 συνεδιώχθησαν
833 2003 912 2063 αχρι
945 1980 1006 2042 τοῦ
1028 1972 1209 2043 Ῥτντακίου
1236 1966 1370 2059 βουνσυ.

124 2104 144 2162 ς
165 2102 217 2161 174
232 2118 255 2159 2
263 2082 320 2147 παι
350 2083 380 2146 εἰ
415 2106 460 2202 μη
492 2088 556 2156 τοῖς
590 2081 723 2163 δρυμοῖς
755 2104 808 2144 και
831 2088 901 2157 ταῖς
929 2077 1044 2153 νάπαις
1059 2081 1276 2201 κατέφυγον,
1307 2099 1372 2139 sor

205 2202 215 2223 ‘
263 2180 382 2248 ἔκειντο
402 2180 524 2269 πάντες
563 2182 619 2265 τῆς
643 2179 828 2267 Ῥωμαϊκῆς
854 2186 1019 2267 μαχαίρας
1058 2174 1222 2265 γενόμενοι
1259 2202 1373 2263 παρα-

265 2280 409 2366 νοίλωμα.

283 2408 286 2414 ’
314 2408 317 2414 ’
369 2390 488 2454 Τοῦτον
518 2389 553 2454 dd
585 2385 639 2453 τὸν
673 2385 792 2473 τρόπον
827 2388 1088 2474 προτερησάντων
1109 2389 1174 2452 τῶν
1189 2384 1427 2469 “Ριομαιάιν,2θ

264 2491 346 2572 μετὰ
372 2489 488 2574 χρόνον
510 2490 581 2554 τινὰ
606 2487 696 2577 φήμη
718 2513 768 2563 τις
791 2488 948 2572 ἐπιτρέχει
980 2487 1055 2566 τούς
1081 2490 1209 2561 Σκύθας
1233 2492 1371 2572 λέγουσα
1417 2541 1424 2556 ,

265 2590 344 2674 μετὰ
366 2588 533 2671 δυνάμεως
553 2590 659 2674 ἱκανῆς
683 2583 900 2674 παρεμβαλεῖν
923 2591 968 2665 εἰς
989 2587 1046 2655 τὸν
1071 2587 1258 2668 Τοπλιτζόν·
1312 2585 1372 2680 τό-

263 2713 324 2770 πος
346 2691 381 2757 δὲ
406 2683 501 2768 οὗτος
523 2693 564 2755 ου’
583 2690 698 2776 μικρὸν
725 2683 845 2756 ἄποθεν
873 2692 928 2776 τῆς
945 2684 1240 2776 Ἀδριανοαπόλεοις
1259 2692 1373 2772 κείμε-

267 2994 365 3048 Gracci
390 3001 417 3046 ct
440 3008 489 3046 rex
518 3008 552 3045 ex
577 2993 721 3048 curialibus
746 3008 828 3046 uuum
857 2994 951 3046 ducem
977 3008 1072 3048 σταται
1098 2993 1162 3046 hnic
1187 2991 1373 3048 occidentales

266 3066 340 3118 vires
365 3066 452 3118 statim
477 3065 600 3118 t'rudidit
635 3074 717 3136 atquc
745 3065 822 3117 hic'
814 3081 842 3117 ιιι
862 3064 985 3119 castello
1010 3064 1180 3133 chariopolis
1210 3067 1373 3119 constitutus

268 3145 344 3188 extra
362 3136 430 3190 hanc
449 3135 571 3190 vallum
564 3139 636 3191 iacit.
676 3154 734 3190 cum
753 3139 835 3208 igitur
852 3138 1014 3203 audivisset,
1033 3138 1252 3190 multitudinem
1244 3153 1372 3190 innume.

266 3207 379 3260 rabilem
393 3201 550 3293 Scytharum
567 3225 654 3278 nuper
664 3225 819 3280 aggressam
837 3212 964 3278 regiones
984 3175 1119 3263 Chalcidis
1138 3218 1165 3261 et
1181 3207 1373 3277 Arcadiopolis

268 3289 295 3332 et
314 3296 382 3348 quus
401 3280 442 3332 his
461 3282 545 3365 magis
564 3283 597 3333 ad
619 3283 785 3336 occidentem
804 3289 865 3333 sunt
883 3297 962 3334 versa
981 3281 1115 3347 spoliare,
1143 3280 1281 3348 proiectus
1306 3281 1373 3333 iude

268 3367 326 3404 cum
345 3361 401 3405 toto
420 3354 539 3405 exercitu
549 3353 669 3406 barbaris
688 3362 792 3405 terrens
812 3361 936 3419 apparet:
954 3361 981 3403 ct
998 3362 1138 3421 postquam
1157 3352 1331 3421 phalanges
1324 3368 1372 3402 in.

237 3449 249 3458 *
261 3425 364 3482 ,struxit
383 3424 415 3476 ad
432 3423 534 3476 bellum
555 3434 581 3477 et
599 3433 628 3475 ut
648 3424 731 3476 sortes
752 3433 843 3476 esseut
860 3425 963 3475 monuit
980 3426 1056 3492 equis
1076 3425 1193 3477 incitatis
1211 3424 1372 3490 proficisce-

267 3495 345 3548 batur
368 3504 463 3547 contra
489 3511 553 3548 eos:
580 3494 623 3547 illi
647 3502 735 3547 antem
761 3497 790 3546 in
808 3504 928 3563 tempore
946 3497 1105 3548 resistentes
1123 3504 1149 3546 et
1164 3511 1283 3564 pugnam
1302 3509 1375 3546 eon.

268 3576 390 3620 serentes
411 3566 488 3617 etad
507 3567 687 3619 fortitudinem
709 3569 857 3618 excitantur
876 3582 921 3630 se,
947 3582 1006 3618 cnm
1028 3566 1123 3620 Gracci
1142 3567 1176 3621 iis
1195 3569 1326 3618 instarent
1344 3574 1374 3617 ct

267 3636 367 3691 multos
394 3637 588 3702 interficerent,
613 3639 641 3689 iu
668 3638 757 3707 lugam
776 3636 822 3690 vel
841 3638 918 3690 iuviti
939 3637 1109 3691 inclinarunt.
1148 3646 1176 3689 ct
1194 3654 1253 3689 cum
1265 3653 1373 3721 perse-

148 3723 151 3730 ·
267 3708 340 3768 cutio
367 3707 447 3760 valde
471 3709 549 3762 lieret
572 3708 647 3761 multi
673 3708 831 3777 Scytharum
857 3710 1026 3762 cecideruut.
1051 3710 1148 3763 deiude
1166 3711 1247 3761 etiam
1265 3709 1375 3778 agmina

262 3778 360 3830 horum
375 3778 454 3832 simul
472 3789 564 3832 contra
581 3781 689 3833 ultimos
707 3782 791 3834 ellusa
810 3783 908 3848 etipsa
921 3783 949 3834 vi
965 3771 1209 3849 aggredientium
1197 3783 1269 3834 victa
1292 3789 1372 3834 suut:

267 3857 295 3899 ct
318 3865 409 3903 omncs
433 3850 512 3902 simul
537 3851 610 3919 pulsi
637 3862 698 3906 suut
723 3869 809 3921 usque
829 3854 861 3905 ad
880 3852 1040 3905 lleutaliium
1068 3851 1184 3904 collem:
1212 3861 1293 3922 atque
1318 3853 1375 3904 uisi

265 3920 298 3972 ad
315 3921 399 3974 silvas
419 3929 446 3973 et
470 3922 557 3976 valles
577 3924 772 3993 confugissent,
792 3925 939 3978 iacuissent
957 3940 1051 3977 omnes
1073 3925 1170 3977 Graeci
1197 3924 1283 3992 gladii
1307 3922 1375 3976 lacti

266 3994 415 4058 opsonium.

365 4080 423 4132 lloc
441 4090 530 4134 autem
554 4085 633 4136 modo
659 4100 718 4136 cum
738 4086 908 4153 superiores
901 4085 978 4136 lacti
1000 4092 1091 4139 essent
1110 4085 1222 4149 Graeci,
1250 4091 1375 4152 tempore

264 4149 355 4220 aliquo
380 4161 441 4236 post
464 4153 532 4206 lama
551 4157 680 4223 quaedam
698 4159 831 4224 percurrit
844 4156 957 4222 Scythas
976 4157 1068 4210 diceus
1087 4172 1146 4208 cum
1166 4158 1193 4209 vi
1219 4155 1376 4210 sulliciente

264 4223 409 4278 incidere
401 4225 588 4294 inloplituum
608 4227 700 4298 (locus
714 4236 802 4281 nutem
822 4228 866 4281 hic
884 4243 939 4282 nou
953 4230 1078 4298 exiguum
1098 4227 1174 4284 abest
1191 4228 1373 4283 childricum.
