2967 4825
572 270 788 351 mmm·
898 307 904 347 ι
1156 272 1235 349 Μδ

139 444 306 530 μίξαντες,
329 444 384 513 καί
402 454 487 515 σῖτον
505 448 541 513 εἰι
563 443 683 513 τούτοιν
703 448 808 523 κακούς
829 443 1076 532 ἀφαιρούμενος,
1100 450 1155 515 ναί
1175 452 1237 530 βοι-

139 552 227 634 ρείας
246 546 430 634 ἀπαιτήσεις
456 547 535 634 ύπέρ
555 550 615 613 τῶν
639 551 829 613 τοπιατικῶν
843 546 1116 635 εἰσπραττόμενος,
1139 545 1238 633 ἦνύγ-

127 650 214 742 ,ιαζε
237 648 295 733 τὴν
314 652 432 734 πρᾶσιν
454 647 507 715 διὰ
532 648 567 713 τύ
591 654 853 731 ναινοτομεῖοθαι
875 651 1051 725 πολυειδῶς
1075 652 1237 719 ένδεεστέ-
1266 638 1270 647 ’

139 774 200 833 ραν
221 758 335 842 ποιεῖν.»
378 750 434 817 καί
453 746 552 827 ούτας
582 754 779 836 τρεφομένου
807 752 863 817 τού
893 750 1072 837 φούνδατος
1091 754 1138 828 εἰς
1163 753 1238 821 α’δι-

114 854 210 917 5ιιίαν
243 852 499 939 ἀπαραμύθητον
525 854 668 930 έξὲπιπτε
691 850 730 917 τοὶ
763 857 819 938 τῆς
844 856 1000 936 προτέρας
1028 853 1180 938 εύθηνίος
1200 856 1238 940 τῇ
1296 875 1299 888 ·

126 952 291 1041 πολιτείᾳ,
309 956 366 1017 καί
384 954 529 1038 περιέστη
551 950 615 1017 α’πὸ
639 956 717 1019 δέκα
740 958 796 1019 καί
808 951 890 1019 ύκτύ
904 955 1080 1035 μοδίοονείς
1101 956 1156 1019 ἕνα
1175 950 1238 1034 μύ-

138 1053 208 1117 διον
237 1056 293 1117 τού
324 1054 515 1135 νομισματος
548 1055 567 1138 ἢ
597 1061 655 1119 τοῦ
676 1054 765 1121 σίτου
796 1060 921 1139 πρᾶσις.
972 1051 1237 1138 έκομμερνεύοντο
1313 1140 1317 1143 -

137 1150 200 1237 γὰρ
220 1150 334 1241 ἔκτοτε,
357 1159 420 1241 φεύ
441 1159 496 1241 τῆς
515 1142 704 1238 πλεονεξίας,
724 1159 765 1222 ου’
776 1156 874 1239 μόνον
895 1155 929 1222 αἱ
949 1159 1130 1241 πυροφόροι
1150 1150 1239 1237 Ιύμα-

138 1258 213 1337 ξαν,
241 1253 322 1321 otti
350 1256 406 1322 ναί
425 1254 463 1323 τοὶ
490 1255 584 1323 λοιπὰ
607 1252 704 1344 ὤνια,
731 1254 792 1323 ύοα
817 1264 948 1342 πλησίον
980 1262 1100 1325 ε’κεινοο
1128 1258 1239 1340 παρσέ-

96 1369 129 1425 10
138 1357 243 1423 δευον.
287 1360 472 1443 α’πείργοντο
502 1361 537 1428 δέ
566 1359 621 1424 καί
645 1357 679 1424 οἱ·
706 1364 762 1444 τῆς
794 1357 975 1445 περιχώρου
996 1361 1113 1443 ἐκείνης
1135 1356 1189 1423 καὶ
1209 1354 1238 1423 οἷ
1293 1378 1300 1395 “

135 1459 192 1540 τῆς
210 1457 395 1526 Ῥαιδεοτοΐι
412 1458 531 1527 ἔποικοι
553 1470 669 1528 πωλεῖν
689 1462 727 1528 τύ
754 1459 822 1529 ἴδια
844 1456 983 1547 γειύργια
1000 1464 1034 1527 έν
1057 1468 1126 1536 ταῖς
1149 1453 1265 1528 ἔστί-λ
1281 1471 1333 1528 tto
1346 1486 1398 1551 a„

137 1582 188 1635 αις
214 1561 330 1626 ούτῶν.
375 1555 554 1650 α’ρηροῦντο
572 1565 607 1627 δὲ
630 1565 684 1628 καί
694 1561 724 1627 οἱ
743 1564 890 1645 μέδιμνοι
911 1560 966 1627 καί
980 1558 1076 1643 μόνος
1098 1558 1113 1627 ὃ
1135 1560 1237 1646 apodu-
1304 1634 1307 1642 ,

136 1661 195 1738 δαξ
218 1663 280 1726 τῶν
311 1664 474 1747 μεδίμνων
503 1659 628 1749 ύπῆρχε
660 1667 778 1750 κύριος.
830 1658 908 1747 ὅπερ
932 1662 1083 1727 οὐδέποτε
1103 1666 1237 1746 γέγονεν,

135 1764 204 1826 τύδ’
229 1761 245 1826 o‘
268 1756 358 1847 ἥλιος
380 1758 446 1847 εἶδε
469 1770 615 1840 τοιοῦτον,
630 1766 782 1850 ἀδίκημα.
838 1766 869 1830 εἰ
886 1765 948 1850 γὰρ
971 1767 1167 1850 προσηγγέλη
1190 1787 1238 1839 τις

95 1858 288 1946 asceticae
315 1859 423 1929 οἴκαδε
448 1858 534 1932 σῖτόν
559 1868 592 1944 ε”ξ
613 1857 662 1931 οἷν.
687 1866 892 1951 ἐγεώργησεν,
914 1860 956 1939 οἷς
978 1864 1096 1949 φονεύς
1118 1858 1139 1946 ἢ
1160 1867 1252 1945 δια..

134 1960 213 2047 στῆς
233 1957 254 2048 ἢ
274 1959 390 2030 ἄτοπόν
409 1988 440 2030 τι
472 1964 577 2051 ἕτερον
607 1963 781 2053 πεπρυχιύς
803 1962 977 2050 ἐδημεύετο
1003 1969 1058 2031 καί
1079 1960 1236 2050 ἡρπάζετο

133 2063 225 2147 παρὰ
266 2068 324 2129 τού
362 2068 602 2143 ἐπιστατοῦντος
638 2072 680 2156 τῷ
710 2066 879 2153 φσύνδανι.
928 2065 1074 2150 παρῆσαν
1101 2061 1162 2147 γύρ
1189 2073 1237 2156 ’τῷ

134 2170 363 2257 φουνδακαρίιρ
385 2172 419 2234 εἰι
441 2169 544 2255 πάσης
564 2173 652 2245 ἰδέας
664 2168 850 2253 κακούργων
872 2160 1023 2251 ύχριτοόν
1044 2162 1158 2233 ἑκατὸν
1177 2191 1247 2250 τει-Ι

132 2270 243 2354 §coiret
267 2266 453 2351 ταττόμενοι
482 2276 556 2355 παρ’
584 2272 704 2352 odacri,
726 2268 782 2336 xci
802 2269 877 2345 τούς
896 2266 1054 2343 ε’λεεινούς
1076 2267 1237 2353 ἐμπύρους

91 2368 190 2438 idaci
213 2367 372 2455 γεωργούς
400 2378 526 2449 πολλοῖς
556 2376 700 2458 ίνιαροῖς
721 2376 946 2456 περιέβαλλον·
997 2369 1050 2436 καί
1070 2370 1176 2448 ου’δεές
1198 2363 1236 2455 ἦν

133 2471 150 2536 ὅ
175 2472 362 2555 ἀντιστῆναι
382 2474 505 2550 τούτοις
535 2475 706 2558 δυνάμενος
733 2477 777 2562 τῷ
798 2497 829 2538 τε
859 2474 975 2557 πλήθει
1001 2474 1236 2555 δυσκαταγωνί-

131 2599 218 2650 στοις
238 2568 312 2640 ούσι
334 2577 454 2669 ταύτῇ
477 2577 645 2666 δυναστείᾳ
665 2579 723 2640 τού
754 2579 922 2660 λογοθέτου
954 2572 988 2670 τύ
1012 2563 1131 2660 θρᾴττας
1155 2571 1237 2642 α’,κύ-

133 2681 245 2746 θειιτον
265 2674 386 2759 έχουσι.
431 2676 520 2742 acii
543 2681 601 2760 μὲν
623 2677 646 2756 ξ
667 2681 782 2761 λιτρῶν
803 2676 857 2742 τὸν
880 2677 1046 2772 φούνδμκα
1064 2675 1237 2760 μισθωσί-

209 2837 234 2890 7.
254 2838 491 2911 ἐννομεριεδοντο
511 2838 541 2893 0.
617 2839 659 2893 12.
678 2851 771 2908 margo
790 2837 901 2910 μόδιοι.

135 3003 173 3054 lia
192 3015 282 3054 rernm
300 3003 328 3053 in
347 3019 379 3055 ea
397 3011 469 3056 terra
486 3003 702 3072 provenientium
723 3004 858 3072 exigebat,
879 3003 995 3072 cogebat
1020 3017 1067 3058 eos
1096 3006 1235 3058 venditio.

134 3090 208 3138 nem,
227 3075 352 3126 novando
370 3090 414 3127 rea
435 3077 510 3128 uario
528 3076 616 3140 modo,
635 3075 791 3127 inferiorem
813 3090 960 3127 exercere:
987 3083 1067 3143 atque
1093 3077 1131 3129 ita
1157 3087 1236 3132 aucto

125 3148 236 3199 borreo
256 3147 288 3198 ad
307 3148 462 3199 iniustitiam
482 3149 607 3198 immitem
630 3147 719 3198 exibat
736 3149 811 3214 prior
831 3146 948 3199 felicitas
974 3149 1092 3210 civitati3
1112 3155 1139 3200 et
1163 3157 1237 3202 tanta
1288 3143 1291 3147 ’

134 3220 207 3272 iacta
227 3226 267 3269 est
286 3221 431 3270 conversio
450 3228 479 3271 ut
505 3228 583 3271 antea
603 3220 790 3287 duodeviginti
818 3219 943 3270 frumenti
962 3219 1043 3269 modii
1069 3233 1128 3271 asse
1155 3223 1236 3272 veni.

135 3298 207 3354 rent,
226 3293 277 3341 iam
297 3306 364 3343 unus
391 3293 493 3345 modius
520 3305 551 3341 eo
577 3293 665 3358 pretio
692 3299 835 3344 constaret.
881 3292 908 3341 in
935 3292 1120 3342 commercium
1148 3301 1236 3346 autem

136 3361 337 3415 deducebantur
358 3379 392 3414 ex
411 3379 444 3415 eo
462 3371 593 3430 tempore,
612 3363 666 3414 heu
685 3364 832 3427 auaritiam,
852 3377 906 3414 non
926 3361 1012 3414 solum
1036 3362 1119 3414 tritici
1144 3381 1236 3418 currus

134 3436 183 3489 aed
204 3435 282 3486 etiam
301 3434 424 3503 reliquae
442 3450 555 3498 merces,
575 3451 751 3503 quaecunque
769 3450 853 3502 prope
873 3433 941 3486 illud
957 3435 1164 3500 proveniebant.
1183 3437 1235 3488 im.

135 3506 314 3575 pediebantur
333 3515 422 3558 autem
440 3515 467 3559 et
486 3507 593 3558 incolae
611 3508 758 3560 vicinitatis
777 3507 849 3558 illins
870 3506 1033 3564 ettiiaidesti
1045 3506 1143 3572 vicini,
1166 3524 1235 3584 quo.

135 3580 223 3630 minus
243 3577 391 3630 venderent
409 3579 500 3647 fruges
519 3594 580 3631 suas
598 3580 627 3630 in
645 3581 700 3631 auis
730 3578 869 3631 domibus:
899 3586 925 3630 et
950 3577 1131 3630 adimebantur
1157 3582 1236 3633 etiam

135 3650 219 3702 modii
241 3649 417 3718 frumentarii,
438 3659 464 3703 et
482 3650 569 3703 solum
590 3650 715 3701 horreum
733 3652 881 3704 modiorum
901 3658 958 3702 erat
982 3652 1135 3720 particeps:
1165 3653 1235 3722 qnod

133 3737 271 3790 nunquam
292 3723 390 3773 iactum
408 3727 465 3775 crat
483 3739 572 3791 neque
590 3722 632 3775 sol
650 3724 755 3777 viderat
774 3723 855 3776 talem
867 3723 998 3775 iniuriam.
1019 3725 1117 3775 atenim
1135 3725 1157 3776 si
1178 3725 1236 3794 qnia

133 3793 340 3847 denuntiabatur
353 3795 506 3848 vendidisse
517 3795 588 3847 domi
606 3796 765 3848 frumentum
781 3812 814 3848 ex
831 3797 865 3848 iis
884 3810 952 3865 quae
963 3810 1027 3864 agro
1039 3796 1151 3849 colendo
1170 3812 1235 3865 pro-

134 3867 249 3930 iecerat,
267 3873 392 3934 tauquam
415 3868 573 3918 interfector
591 3868 637 3919 uei
655 3868 724 3920 latro
744 3867 789 3920 vel
809 3870 885 3936 queri
904 3870 1018 3921 immane
1037 3868 1100 3935 quid
1111 3871 1236 3937 peregii.

133 3946 187 4002 set,
207 3938 423 4004 proscribebatur
433 3947 460 3989 et
477 3939 653 4005 diripiebatur
671 3956 687 3991 a
705 3940 828 4006 praeside
848 3940 948 4005 horrei,
968 3939 1077 3990 adorant
1097 3940 1167 3990 euim
1186 3941 1236 3992 ad..

134 4010 310 4062 ministratori
322 4009 419 4061 borrei
442 4013 565 4061 exomni
584 4009 882 4078 genere-scelestorum
900 4009 1037 4081 usquead
1063 4020 1168 4064 centum
1187 4028 1237 4080 ap.

134 4083 279 4150 punitores,
298 4082 412 4134 instituti
432 4080 464 4132 ab
490 4098 539 4148 eo,
558 4091 586 4134 ct
603 4085 714 4135 miseros
742 4091 904 4135 mercatores
931 4092 958 4136 et
989 4082 1122 4148 agricolas
1147 4084 1237 4138 multia

134 4152 269 4207 molestiis
288 4152 499 4207 circumdabant:
521 4171 610 4225 neque
629 4157 768 4224 quisquam
789 4163 855 4219 erat,
874 4157 919 4223 qui
938 4155 1066 4208 resistere
1085 4155 1127 4208 bis
1147 4161 1237 4223 posset

136 4224 350 4280 simulitudine
369 4227 595 4297 impugnabilibus
614 4236 642 4280 et
658 4227 810 4296 principatu
830 4226 987 4299 logothetae
996 4227 1132 4283 audaciam
1149 4227 1235 4296 impo-
1258 4260 1278 4294 ,
