2967 4825
539 264 750 331 ιιιετοιιιλ.
808 317 814 329 r
1150 253 1198 331 st

99 420 317 513 ἀπαραίτητον
341 423 562 506 λογισάμενος,
593 424 696 511 βαρῦς
719 419 914 508 ἐχρημάτισε
943 422 1116 509 φορολῦγος
1134 432 1202 503 τοῖς
1259 420 1271 441 ⁴

98 524 297 606 χρεωσιοῦσι
320 524 469 609 δημόσια.
513 517 580 590 εἶτα
596 521 650 591 καί
671 526 728 603 τάς
748 528 810 591 νῦν
831 526 992 611 δρφικίων
1015 524 1119 601 δόσεις
1140 523 1202 589 αῦ-

97 620 149 697 τδς
174 626 340 708 περιέτεμε
362 626 496 707 πρῶτος,
515 626 569 689 καί
584 628 788 711 πανταχόθεν
818 618 870 691 οἷά
893 649 940 700 τις
962 620 1119 710 ἄπληστος
1137 630 1203 710 θη-

98 720 212 806 ρευτής
235 724 420 789 εἰσεποιεῖτο
443 724 483 789 τά
497 724 658 811 χρήματα.
682 730 814 811 ἐμέλησε
834 728 864 788 δ’
888 725 975 812 αἰνῷ
995 724 1074 808 μετά
1100 728 1201 792 ταῦτα

43 842 47 848 ’
74 826 154 888 5καί
177 824 350 909 φειδωλίας
373 828 427 890 καί
447 829 506 890 τοῦ
531 826 716 921 προσθήκην
748 829 855 912 α’γριῦν
877 832 917 916 τῇ
938 828 1085 916 βασιλείρι
1110 851 1202 911 περι.

98 922 308 1009 ποιήσασθαι,
362 922 410 989 διδ
439 931 494 991 καί
524 925 624 992 πολλά
646 932 704 1011 μὲν
727 927 870 994 ἰδιωτικὰ
901 927 1057 1013 πρόσωπα
1081 931 1203 993 πολλῶν
1222 1004 1246 1026 ⁴(

97 1024 291 1110 ιίπεστίρησε
308 1026 458 1113 κτήσεων,
476 1026 619 1113 παριδών
640 1027 697 1107 τάς
710 1028 969 1115 χρυσοβοῦλλους
986 1028 1105 1096 τούτων
1124 1054 1203 1116 γρα·

25 1158 28 1164 ·
98 1121 175 1211 φάς,
196 1127 237 1201 δι’
263 1118 306 1191 ὧν
328 1126 437 1206 αῦτοῖς
471 1128 510 1194 τά
532 1134 588 1213 τής
610 1129 791 1207 δεσποτείας
813 1132 1007 1217 ήδραίωντο·
1051 1136 1204 1216 ἐνέσκηψε

99 1228 134 1291 δὲ
155 1228 214 1291 καί
231 1243 295 1293 εισι
329 1232 390 1295 τῦν
415 1236 686 1317 φροντισεηρίων,
716 1230 856 1315 μεγάλας
877 1231 932 1298 καί
952 1238 1107 1308 πλουσίας
1127 1227 1204 1315 κτή-

59 1332 90 1385 10
98 1352 164 1405 σεις
186 1330 321 1412 ἑχόντων
342 1332 395 1395 καί
414 1336 477 1397 τοῖν
499 1342 562 1410 τοῖς
585 1337 764 1415 βασιλικοῖς
787 1338 964 1419 θησαυροῖς
986 1335 1203 1413 α’νακειμένων

75 1428 299 1506 ,οἷποδεοῦοας
323 1433 392 1498 οἰδ’
419 1428 518 1511 ὅλως·
569 1438 622 1499 καί
644 1433 763 1511 πολλάς
785 1433 891 1499 αῦτῦν
920 1428 1128 1521 ἀφελόμενος,
1150 1436 1205 1499 καί

101 1528 155 1595 διά
181 1536 359 1615 λογοποιίας
380 1532 414 1599 τὸ
439 1527 557 1619 άρκοῦν
580 1535 797 1621 ἐγκαταλιπών
812 1543 926 1617 μοναῖς
949 1533 1005 1599 καί
1016 1532 1202 1616 μονάζουσι,
1336 1540 1340 1554 “

97 1640 163 1709 τοῖς
181 1635 357 1716 βασιλικοῖς
375 1633 409 1699 τδ
428 1635 578 1720 περισσὸν
598 1628 836 1722 προσαφιῦριοε,
854 1637 984 1721 πρᾶγμα
1002 1636 1203 1717 παρανομίας
1274 1628 1278 1632 ’

98 1736 158 1813 μὲν
180 1731 275 1811 δόξαν
297 1730 317 1819 ή
338 1734 486 1820 οἰσεβείας
509 1738 651 1822 εἰσάγον,
682 1741 737 1803 καί
760 1738 839 1825 πρίς
859 1733 1040 1822 ἱεροσυλίαν
1060 1744 1125 1811 τοῖς
1146 1731 1202 1799 εῦ.

60 1836 304 1935 15λαβεστδρρις
327 1838 360 1901 ἐκ
381 1842 439 1902 τοῦ
467 1842 641 1924 προχείρου
667 1838 920 1925 ἀναφερόμενον,
944 1831 1144 1916 ἀποτέλεσμα
1167 1839 1203 1901 δὲ

97 1938 201 2021 μηδὲν
220 1928 336 2002 άεοπον
360 1938 524 2025 οἰποφίρον
538 1938 616 2023 πρός
628 1964 663 2023 γε
684 1939 764 2015 τοῦς,
779 1943 943 2024 ἐμβριθοῦς
965 1937 1007 2002 τά
1037 1940 1202 2021 πράγμετα

99 2040 331 2134 διακρίνοντας.
388 2032 584 2123 ἑκατέρωθεν
605 2038 666 2123 γάρ
697 2037 845 2123 ὀνήσιμον
865 2033 945 2105 εἶναι
976 2038 1231 2121 διεγινώσκετο,ῐ.
1253 2044 1344 2099 ttsr.
1374 2080 1379 2091 ·

99 2138 174 2214 τοῦς
193 2163 226 2203 τε
248 2136 411 2223 μοναχοῦς
433 2138 610 2226 φροντίδων
629 2142 829 2207 α’παλλάττον
848 2140 1064 2227 δπρσσφόρων
1084 2142 1121 2227 τῇ
1132 2140 1200 2204 κατ’
1366 2126 1373 2132 ’

100 2240 220 2314 αῦτοῦς
235 2238 387 2329 πολιτείᾳ,
407 2238 461 2305 καί
471 2244 699 2327 χρηματισμοῦ
712 2238 786 2318 τοῦς
800 2239 1019 2328 οἰκτημοσῦνην
1030 2242 1204 2305 πεπαιδευ-

58 2343 216 2423 ῖθμὲνους
231 2341 424 2421 άπανιστοῦν,
448 2346 502 2407 καί
513 2342 605 2407 οῦδὲν
627 2346 691 2408 ταῖν
706 2342 785 2429 πρὸς
808 2343 866 2425 τήν
886 2349 999 2427 χρείαν
1019 2344 1206 2426 ἐπιτηδείων

101 2442 311 2528 ἀποστεροῦν,
332 2442 387 2510 καί
406 2442 479 2520 τοῦς
499 2445 718 2529 οἰγρογείτσνας
738 2447 928 2530 ἐλευθεροῦν
941 2447 995 2528 τῆς
1010 2444 1130 2530 τούτων
1142 2447 1204 2534 βαι
1253 2485 1256 2489 ›

100 2543 245 2632 ρῦτητος,
257 2543 305 2612 ὅτι
319 2552 363 2637 τῷ
374 2554 541 2614 πολυτελεῖ
549 2553 603 2613 καί
618 2548 842 2636 πολυταλάντῳ
854 2549 916 2611 νῦν
928 2547 1065 2630 κτήσεων
1076 2541 1111 2610 τά
1125 2548 1205 2631 σφὲ.

99 2673 177 2734 τερα
197 2659 380 2718 καταλιπεῖν
413 2650 532 2726 αῦτοῦς
552 2650 585 2715 ,οἱ
607 2652 746 2735 μσναχοί
765 2642 1009 2736 κατηνάγκαζον,
1030 2651 1206 2732 α’πληστίαν

69 2839 76 2845 .
101 2745 165 2838 ήδη
187 2747 377 2837 νοσήσαντες
397 2748 453 2818 κάἰ
474 2755 519 2831 εἰς
541 2749 604 2830 ἕξιν
626 2754 682 2818 τοῦ
705 2747 828 2828 πάθους
847 2747 1015 2836 γινόμενοι,
1035 2752 1090 2815 καὶ
1113 2771 1204 2834 περι-

175 2941 201 2996 7.
222 2949 342 3000 κτίσεων
361 2942 390 2998 G.
497 2942 540 2997 21.
561 2942 706 3016 δποστερή
716 2940 746 2996 G.

103 3126 214 3170 exactor
242 3117 406 3172 debitoribus
427 3116 559 3185 puhlicis,
587 3116 682 3168 deinde
709 3115 788 3166 etiam
809 3115 958 3167 officiorum
976 3114 1052 3166 dotes
1071 3113 1129 3181 ipse
1148 3109 1204 3164 cir.

101 3189 251 3240 cumseouit
270 3190 379 3256 primus,
400 3197 427 3239 et
445 3190 561 3257 undique
581 3189 655 3256 quasi
674 3187 835 3238 insatiabilis
860 3194 972 3237 venator
990 3185 1098 3236 adduxit
1116 3184 1205 3236 facul..

90 3269 181 3325 tates,
210 3276 289 3312 curae
309 3269 396 3312 autem
421 3261 446 3312 ei
466 3261 516 3311 fuit
532 3268 593 3327 post
609 3258 676 3310 haec
697 3259 774 3309 etiam
793 3258 955 3324 parsimonia
974 3265 1001 3308 et
1017 3265 1047 3307 ut
1067 3259 1205 3308 accessio-

99 3348 162 3383 nem
184 3348 308 3402 agrorum
327 3347 411 3400 regno
431 3332 550 3384 faceret:
571 3339 713 3398 propterea
733 3331 811 3381 etiam
830 3328 927 3379 multos
945 3330 1065 3396 privatos
1083 3328 1204 3378 homines

100 3399 191 3456 inultis
211 3406 329 3472 privavit
347 3404 571 3471 possessionibus,
581 3402 725 3472 negligens
744 3399 934 3453 aureasbullas
955 3408 981 3451 et
997 3399 1088 3450 harum
1107 3399 1206 3464 scripta

101 3477 198 3544 quibus
224 3477 257 3528 iis
278 3477 422 3527 dominium
450 3476 606 3527 firmaretur.
645 3475 738 3525 incidit
756 3480 844 3525 auom
864 3473 943 3523 etiam
960 3472 991 3522 in
1008 3471 1134 3538 quaedam
1153 3469 1204 3519 tri.

99 3547 237 3599 bunalium
254 3548 436 3610 iuridicorum,
457 3563 566 3616 magnas
587 3555 613 3597 et
630 3547 727 3598 divites
750 3545 935 3612 possessiones
954 3542 1108 3594 habentium
1127 3550 1154 3592 et
1171 3541 1204 3592 iis

100 3635 170 3687 quae
196 3621 223 3670 in
248 3621 331 3689 regiis
357 3619 489 3671 thesauris
515 3619 651 3684 depositae
679 3625 778 3681 essent,
797 3615 874 3668 nulio
893 3615 970 3666 modo
989 3614 1152 3676 inferiores,
1178 3620 1205 3663 et

99 3690 196 3742 multas
216 3707 305 3744 earum
326 3691 443 3757 eripiens
464 3699 491 3742 et
508 3691 618 3742 fictione
638 3689 708 3756 quod
727 3688 791 3740 satis
811 3695 881 3738 esset
891 3685 1047 3753 relinquens
1066 3692 1204 3735 monaste-

99 3763 146 3813 riis
167 3771 194 3814 et
215 3763 361 3827 monachis,
381 3765 464 3831 regiis
484 3762 616 3814 thesauris
635 3758 797 3827 superfluum
817 3758 946 3820 definivit,
967 3772 1097 3824 quaeres
1116 3756 1204 3806 inins-

99 3836 177 3886 titiao
197 3837 315 3901 speciem
333 3843 379 3885 aut
397 3834 541 3901 impietatis
567 3832 692 3895 afferret,
720 3837 747 3882 et
765 3831 799 3882 ad
816 3828 987 3896 sacrilegium
1005 3845 1021 3878 a
1041 3827 1204 3878 cautioribus

100 3906 127 3956 in
152 3916 276 3974 promptu
305 3906 469 3971 referretur,
496 3906 542 3958 sod
570 3912 693 3956 eventum
713 3917 767 3954 non
786 3903 905 3969 ineptum
921 3900 1049 3955 ,redderet
1067 3899 1136 3964 apud
1156 3911 1204 3949 eos

100 3979 145 4044 qui
164 3980 310 4045 prudenter
327 3995 372 4031 res
386 3978 579 4030 diiudicarent:
599 3974 631 4026 ab
649 3981 761 4042 utraque
781 3972 851 4023 enim
869 3978 944 4038 parte
961 3969 1035 4021 utilis
1056 3985 1116 4022 esse
1135 3984 1204 4038 cog.

100 4050 278 4114 noscebatur,
305 4067 363 4102 cum
384 4057 410 4100 et
428 4049 573 4101 monachos
595 4047 670 4099 euris
696 4045 825 4099 liberaret
850 4051 877 4094 et
895 4059 910 4094 a
930 4050 1041 4109 quaestu
1062 4056 1128 4105 eos,
1158 4041 1204 4109 qui

99 4120 132 4171 ad
150 4123 267 4189 inopiam
285 4122 400 4174 instituti
421 4129 504 4187 erant,
524 4120 683 4184 ahduoeret,
709 4125 737 4169 'et
756 4115 823 4168 nihil
843 4129 950 4178 eorum,
976 4129 1044 4181 quae
1067 4114 1099 4166 ad
1128 4128 1203 4164 usum
1287 4161 1291 4170 ,

99 4196 253 4250 necessaria
271 4202 348 4266 suut,
368 4195 502 4265 eriperet,
529 4200 697 4263 stagnorum
716 4189 822 4246 viciuos
841 4186 969 4240 liberaret
987 4186 1082 4239 horum
1099 4187 1203 4255 impos·
