<?xml version="1.0" encoding="UTF-8"?>
<!DOCTYPE html PUBLIC "-//W3C//DTD XHTML 1.0 Transitional//EN"
    "http://www.w3.org/TR/xhtml1/DTD/xhtml1-transitional.dtd">
<html xmlns="http://www.w3.org/1999/xhtml" xml:lang="en" lang="en">
 <head>
  <title>
</title>
<meta http-equiv="Content-Type" content="text/html;charset=utf-8" />
  <meta name='ocr-system' content='tesseract 3.04.00' />
  <meta name='ocr-capabilities' content='ocr_page ocr_carea ocr_par ocr_line ocrx_word'/>
</head>
<body>
  <div class='ocr_page' id='page_1' title='image "./corpusscriptoru41theogoog/corpusscriptoru41theogoog_0049.png"; bbox 0 0 2967 4825; ppageno 0'>
   <div class='ocr_carea' id='block_1_1' title="bbox 570 208 1243 388">
    <p class='ocr_par' dir='ltr' id='par_1_1' title="bbox 570 208 1243 388">
     <span class='ocr_line' id='line_1_1' title="bbox 570 208 1243 388; baseline 0.001 -54"><span class='ocrx_word' id='word_1_1' title='bbox 570 208 795 343; x_wconf 72' lang='lat' dir='ltr'><strong>acroam.</strong></span> <span class='ocrx_word' id='word_1_2' title='bbox 1053 221 1056 226; x_wconf 40' lang='lat'><strong>⁴</strong></span> <span class='ocrx_word' id='word_1_3' title='bbox 1188 261 1243 388; x_wconf 27' lang='lat' dir='ltr'><strong>tos</strong></span> 
     </span>
    </p>
   </div>
   <div class='ocr_carea' id='block_1_2' title="bbox 49 409 1360 2734">
    <p class='ocr_par' dir='ltr' id='par_1_2' title="bbox 99 409 1237 903">
     <span class='ocr_line' id='line_1_2' title="bbox 133 409 1237 508; baseline -0.002 -19"><span class='ocrx_word' id='word_1_4' title='bbox 133 426 273 504; x_wconf 70' lang='grc' dir='ltr'><strong><em>γίνεται,</em></strong></span> <span class='ocrx_word' id='word_1_5' title='bbox 310 424 371 489; x_wconf 82' lang='grc' dir='ltr'><strong>τάν</strong></span> <span class='ocrx_word' id='word_1_6' title='bbox 387 416 553 506; x_wconf 67' lang='grc' dir='ltr'><strong><em>Ῥωμαίου</em></strong></span> <span class='ocrx_word' id='word_1_7' title='bbox 587 425 806 506; x_wconf 84' lang='grc' dir='ltr'><strong><em>α’ρκεαθὲυταν</em></strong></span> <span class='ocrx_word' id='word_1_8' title='bbox 836 409 959 497; x_wconf 84' lang='grc' dir='ltr'><strong><em>τοάτοις</em></strong></span> <span class='ocrx_word' id='word_1_9' title='bbox 979 446 1033 488; x_wconf 80' lang='grc' dir='ltr'><strong>ναι</strong></span> <span class='ocrx_word' id='word_1_10' title='bbox 1027 419 1237 508; x_wconf 70' lang='grc' dir='ltr'><strong><em>χειροήθεις</em></strong></span> 
     </span>
     <span class='ocr_line' id='line_1_3' title="bbox 134 520 1237 645; baseline 0.003 -60"><span class='ocrx_word' id='word_1_11' title='bbox 134 523 310 605; x_wconf 74' lang='grc' dir='ltr'><em>οἰηθέντων</em></span> <span class='ocrx_word' id='word_1_12' title='bbox 325 526 455 609; x_wconf 78' lang='grc' dir='ltr'><strong><em>ποιῆσαι</em></strong></span> <span class='ocrx_word' id='word_1_13' title='bbox 477 520 553 599; x_wconf 80' lang='grc' dir='ltr'><strong><em>τούς</em></strong></span> <span class='ocrx_word' id='word_1_14' title='bbox 574 525 733 625; x_wconf 78' lang='grc' dir='ltr'><strong><em>μηδέποτε</em></strong></span> <span class='ocrx_word' id='word_1_15' title='bbox 759 526 964 645; x_wconf 73' lang='grc' dir='ltr'><strong><em>γενομένους</em></strong></span> <span class='ocrx_word' id='word_1_16' title='bbox 968 526 1045 609; x_wconf 80' lang='grc' dir='ltr'><strong><em>μηθ’</em></strong></span> <span class='ocrx_word' id='word_1_17' title='bbox 1063 527 1127 603; x_wconf 82' lang='grc' dir='ltr'><strong><em>εξιν</em></strong></span> <span class='ocrx_word' id='word_1_18' title='bbox 1142 546 1237 607; x_wconf 75' lang='grc' dir='ltr'><strong><em>σχον-</em></strong></span> 
     </span>
     <span class='ocr_line' id='line_1_4' title="bbox 131 620 1237 711; baseline 0.002 -24"><span class='ocrx_word' id='word_1_19' title='bbox 131 647 190 699; x_wconf 81' lang='grc' dir='ltr'><strong><em>τας</em></strong></span> <span class='ocrx_word' id='word_1_20' title='bbox 212 625 371 707; x_wconf 88' lang='grc' dir='ltr'><strong><em>γίνεσθαι.</em></strong></span> <span class='ocrx_word' id='word_1_21' title='bbox 413 626 469 691; x_wconf 81' lang='grc' dir='ltr'><strong><em>κατ’</em></strong></span> <span class='ocrx_word' id='word_1_22' title='bbox 491 620 520 689; x_wconf 73' lang='grc' dir='ltr'><strong>οἱ</strong></span> <span class='ocrx_word' id='word_1_23' title='bbox 548 627 608 707; x_wconf 84' lang='grc' dir='ltr'><strong>μὲν</strong></span> <span class='ocrx_word' id='word_1_24' title='bbox 627 626 766 709; x_wconf 85' lang='grc' dir='ltr'><strong><em>α’ρχηγοί</em></strong></span> <span class='ocrx_word' id='word_1_25' title='bbox 787 622 903 691; x_wconf 84' lang='grc' dir='ltr'><strong><em>τοάταν</em></strong></span> <span class='ocrx_word' id='word_1_26' title='bbox 922 649 963 711; x_wconf 88' lang='grc' dir='ltr'><strong>τφ</strong></span> <span class='ocrx_word' id='word_1_27' title='bbox 949 626 1113 708; x_wconf 79' lang='grc' dir='ltr'><strong><em>βασιλεῖ</em></strong></span> <span class='ocrx_word' id='word_1_28' title='bbox 1129 650 1237 707; x_wconf 83' lang='grc' dir='ltr'><strong><em>παρα·</em></strong></span> 
     </span>
     <span class='ocr_line' id='line_1_5' title="bbox 132 722 1237 813; baseline 0.005 -24"><span class='ocrx_word' id='word_1_29' title='bbox 132 730 329 809; x_wconf 80' lang='grc' dir='ltr'><strong><em>πίμπονται,</em></strong></span> <span class='ocrx_word' id='word_1_30' title='bbox 361 722 412 791; x_wconf 79' lang='grc' dir='ltr'><strong>οἱ·</strong></span> <span class='ocrx_word' id='word_1_31' title='bbox 400 727 460 791; x_wconf 51' lang='lat' dir='ltr'><strong>att</strong></span> <span class='ocrx_word' id='word_1_32' title='bbox 493 728 598 793; x_wconf 85' lang='grc' dir='ltr'><strong><em>λοιποί</em></strong></span> <span class='ocrx_word' id='word_1_33' title='bbox 626 733 691 802; x_wconf 86' lang='grc' dir='ltr'><strong><em>τοῖς</em></strong></span> <span class='ocrx_word' id='word_1_34' title='bbox 713 723 805 803; x_wconf 79' lang='grc' dir='ltr'><strong><em>ἰδίοις</em></strong></span> <span class='ocrx_word' id='word_1_35' title='bbox 834 722 939 812; x_wconf 78' lang='grc' dir='ltr'><strong><em>χάραξ</em></strong></span> <span class='ocrx_word' id='word_1_36' title='bbox 941 752 953 789; x_wconf 88' lang='grc' dir='ltr'><strong><em>ι</em></strong></span> <span class='ocrx_word' id='word_1_37' title='bbox 977 725 1237 813; x_wconf 78' lang='grc' dir='ltr'><strong><em>συνετηρήθησαν</em></strong></span> 
     </span>
     <span class='ocr_line' id='line_1_6' title="bbox 99 814 729 903; baseline 0.008 -16"><span class='ocrx_word' id='word_1_38' title='bbox 99 822 283 903; x_wconf 83' lang='grc' dir='ltr'><strong><em>5άπαθεῖς.</em></strong></span> <span class='ocrx_word' id='word_1_39' title='bbox 723 814 729 820; x_wconf 42' lang='grc'><em>’</em></span> 
     </span>
    </p>

    <p class='ocr_par' dir='ltr' id='par_1_3' title="bbox 128 920 1256 1319">
     <span class='ocr_line' id='line_1_7' title="bbox 234 920 1234 1017; baseline -0.005 -24"><span class='ocrx_word' id='word_1_40' title='bbox 234 926 445 1017; x_wconf 84' lang='grc' dir='ltr'><strong><em>Λαφησάυης</em></strong></span> <span class='ocrx_word' id='word_1_41' title='bbox 475 931 511 995; x_wconf 80' lang='grc' dir='ltr'><strong>δὲ</strong></span> <span class='ocrx_word' id='word_1_42' title='bbox 530 932 585 1013; x_wconf 79' lang='grc' dir='ltr'><strong><em>τῆς</em></strong></span> <span class='ocrx_word' id='word_1_43' title='bbox 608 924 722 1010; x_wconf 83' lang='grc' dir='ltr'><strong><em>νόσου,</em></strong></span> <span class='ocrx_word' id='word_1_44' title='bbox 739 931 794 995; x_wconf 85' lang='grc' dir='ltr'><strong><em>καί</em></strong></span> <span class='ocrx_word' id='word_1_45' title='bbox 813 920 918 1014; x_wconf 73' lang='grc' dir='ltr'><strong><em>ὥσπερ</em></strong></span> <span class='ocrx_word' id='word_1_46' title='bbox 941 922 1045 1015; x_wconf 81' lang='grc' dir='ltr'><strong><em>άφειον</em></strong></span> <span class='ocrx_word' id='word_1_47' title='bbox 1070 927 1131 994; x_wconf 76' lang='grc' dir='ltr'><strong>ὑπὸ</strong></span> <span class='ocrx_word' id='word_1_48' title='bbox 1155 932 1234 1012; x_wconf 70' lang='lat' dir='ltr'><strong>esp.</strong></span> 
     </span>
     <span class='ocr_line' id='line_1_8' title="bbox 129 1026 1256 1123; baseline 0.001 -32"><span class='ocrx_word' id='word_1_49' title='bbox 129 1052 193 1113; x_wconf 86' lang='grc' dir='ltr'><strong><em>μης</em></strong></span> <span class='ocrx_word' id='word_1_50' title='bbox 216 1026 386 1112; x_wconf 78' lang='grc' dir='ltr'><strong><em>είρτάοτως</em></strong></span> <span class='ocrx_word' id='word_1_51' title='bbox 406 1034 660 1113; x_wconf 84' lang='grc' dir='ltr'><strong><em>συγκινουμίνων</em></strong></span> <span class='ocrx_word' id='word_1_52' title='bbox 675 1032 782 1123; x_wconf 71' lang='grc' dir='ltr'><strong><em>αὐτῶν</em></strong></span> <span class='ocrx_word' id='word_1_53' title='bbox 801 1033 858 1099; x_wconf 83' lang='grc' dir='ltr'><strong><em>καί</em></strong></span> <span class='ocrx_word' id='word_1_54' title='bbox 878 1026 972 1120; x_wconf 75' lang='grc' dir='ltr'><strong><em>δόξαν</em></strong></span> <span class='ocrx_word' id='word_1_55' title='bbox 992 1026 1256 1115; x_wconf 78' lang='grc' dir='ltr'><strong><em>παρεσχηκάτων,</em></strong></span> 
     </span>
     <span class='ocr_line' id='line_1_9' title="bbox 129 1124 1238 1217; baseline -0.002 -22"><span class='ocrx_word' id='word_1_56' title='bbox 129 1126 243 1211; x_wconf 81' lang='grc' dir='ltr'><strong><em>ι’σχάος</em></strong></span> <span class='ocrx_word' id='word_1_57' title='bbox 266 1130 555 1215; x_wconf 78' lang='grc' dir='ltr'><strong><em>δυσκατεργάστου,</em></strong></span> <span class='ocrx_word' id='word_1_58' title='bbox 575 1130 692 1197; x_wconf 82' lang='grc' dir='ltr'><strong><em>σκοπὸν</em></strong></span> <span class='ocrx_word' id='word_1_59' title='bbox 713 1127 806 1214; x_wconf 77' lang='grc' dir='ltr'><strong><em>ἔσχεν</em></strong></span> <span class='ocrx_word' id='word_1_60' title='bbox 828 1124 844 1192; x_wconf 85' lang='grc' dir='ltr'><strong><em>ά</em></strong></span> <span class='ocrx_word' id='word_1_61' title='bbox 864 1129 1015 1212; x_wconf 75' lang='grc' dir='ltr'><strong><em>βασιλεὺς</em></strong></span> <span class='ocrx_word' id='word_1_62' title='bbox 1036 1128 1112 1206; x_wconf 80' lang='grc' dir='ltr'><strong><em>τούς</em></strong></span> <span class='ocrx_word' id='word_1_63' title='bbox 1133 1131 1238 1217; x_wconf 81' lang='grc' dir='ltr'><strong><em>α’ρχη-</em></strong></span> 
     </span>
     <span class='ocr_line' id='line_1_10' title="bbox 128 1226 1237 1319; baseline 0.003 -24"><span class='ocrx_word' id='word_1_64' title='bbox 128 1226 207 1311; x_wconf 83' lang='grc' dir='ltr'><strong><em>γοάς</em></strong></span> <span class='ocrx_word' id='word_1_65' title='bbox 239 1230 345 1295; x_wconf 76' lang='grc' dir='ltr'><strong><em>αὐτῶν</em></strong></span> <span class='ocrx_word' id='word_1_66' title='bbox 382 1226 569 1299; x_wconf 85' lang='grc' dir='ltr'><strong><em>άποστεῖλαι</em></strong></span> <span class='ocrx_word' id='word_1_67' title='bbox 602 1236 824 1309; x_wconf 89' lang='grc' dir='ltr'><strong><em>συνετίσοντας</em></strong></span> <span class='ocrx_word' id='word_1_68' title='bbox 854 1229 952 1314; x_wconf 86' lang='grc' dir='ltr'><strong><em>τυχάν</em></strong></span> <span class='ocrx_word' id='word_1_69' title='bbox 985 1230 1020 1297; x_wconf 85' lang='grc' dir='ltr'><strong>τὸ</strong></span> <span class='ocrx_word' id='word_1_70' title='bbox 1054 1226 1237 1319; x_wconf 80' lang='grc' dir='ltr'><strong><em>άμάφυλον·</em></strong></span> 
     </span>
    </p>

    <p class='ocr_par' dir='ltr' id='par_1_4' title="bbox 49 1327 1360 2734">
     <span class='ocr_line' id='line_1_11' title="bbox 79 1327 1238 1418; baseline 0.002 -22"><span class='ocrx_word' id='word_1_71' title='bbox 79 1346 120 1399; x_wconf 83' lang='grc'><strong>16</strong></span> <span class='ocrx_word' id='word_1_72' title='bbox 129 1327 227 1413; x_wconf 78' lang='grc' dir='ltr'><strong><em>ἔτυχε</em></strong></span> <span class='ocrx_word' id='word_1_73' title='bbox 247 1328 309 1415; x_wconf 86' lang='grc' dir='ltr'><strong>γάρ</strong></span> <span class='ocrx_word' id='word_1_74' title='bbox 327 1330 446 1408; x_wconf 83' lang='grc' dir='ltr'><strong><em>αίτοάς</em></strong></span> <span class='ocrx_word' id='word_1_75' title='bbox 468 1336 523 1417; x_wconf 84' lang='grc' dir='ltr'><strong><em>τῆς</em></strong></span> <span class='ocrx_word' id='word_1_76' title='bbox 543 1336 599 1397; x_wconf 80' lang='grc' dir='ltr'><strong>τοῦ</strong></span> <span class='ocrx_word' id='word_1_77' title='bbox 619 1333 709 1399; x_wconf 87' lang='grc' dir='ltr'><strong><em>θείου</em></strong></span> <span class='ocrx_word' id='word_1_78' title='bbox 731 1334 868 1418; x_wconf 78' lang='grc' dir='ltr'><strong><em>λουτροῦ</em></strong></span> <span class='ocrx_word' id='word_1_79' title='bbox 882 1334 1120 1416; x_wconf 74' lang='grc' dir='ltr'><strong><em>παλιγγενεσίας</em></strong></span> <span class='ocrx_word' id='word_1_80' title='bbox 1140 1358 1238 1399; x_wconf 82' lang='grc' dir='ltr'><strong><em>κατα-</em></strong></span> 
     </span>
     <span class='ocr_line' id='line_1_12' title="bbox 129 1429 1235 1521; baseline 0.003 -27"><span class='ocrx_word' id='word_1_81' title='bbox 129 1434 244 1511; x_wconf 74' lang='grc' dir='ltr'><strong><em>ξιῶσαι</em></strong></span> <span class='ocrx_word' id='word_1_82' title='bbox 269 1436 322 1497; x_wconf 90' lang='grc' dir='ltr'><strong><em>καί</em></strong></span> <span class='ocrx_word' id='word_1_83' title='bbox 350 1438 533 1519; x_wconf 79' lang='grc' dir='ltr'><strong><em>φιλοτιμίας</em></strong></span> <span class='ocrx_word' id='word_1_84' title='bbox 563 1436 705 1513; x_wconf 63' lang='lat' dir='ltr'><strong>stativas·</strong></span> <span class='ocrx_word' id='word_1_85' title='bbox 727 1434 886 1521; x_wconf 80' lang='grc' dir='ltr'><strong><em>μεγίστης.</em></strong></span> <span class='ocrx_word' id='word_1_86' title='bbox 937 1430 993 1499; x_wconf 83' lang='grc' dir='ltr'><strong><em>καί</em></strong></span> <span class='ocrx_word' id='word_1_87' title='bbox 1026 1429 1064 1515; x_wconf 65' lang='lat' dir='ltr'><strong>dp*</strong></span> <span class='ocrx_word' id='word_1_88' title='bbox 1095 1441 1235 1499; x_wconf 82' lang='grc' dir='ltr'><strong><em>ποιεῖται</em></strong></span> 
     </span>
     <span class='ocr_line' id='line_1_13' title="bbox 49 1530 1238 1621; baseline 0.001 -24"><span class='ocrx_word' id='word_1_89' title='bbox 49 1577 54 1584; x_wconf 94' lang='grc'><strong>-</strong></span> <span class='ocrx_word' id='word_1_90' title='bbox 127 1531 259 1607; x_wconf 87' lang='grc' dir='ltr'><strong><em>τοάτους</em></strong></span> <span class='ocrx_word' id='word_1_91' title='bbox 289 1535 345 1619; x_wconf 81' lang='grc' dir='ltr'><strong><em>τῆς</em></strong></span> <span class='ocrx_word' id='word_1_92' title='bbox 374 1532 481 1619; x_wconf 86' lang='grc' dir='ltr'><strong><em>μάχης</em></strong></span> <span class='ocrx_word' id='word_1_93' title='bbox 513 1530 596 1618; x_wconf 86' lang='grc' dir='ltr'><strong><em>τάχα</em></strong></span> <span class='ocrx_word' id='word_1_94' title='bbox 628 1540 902 1621; x_wconf 74' lang='grc' dir='ltr'><strong><em>κατολλαιτῆρας,</em></strong></span> <span class='ocrx_word' id='word_1_95' title='bbox 934 1536 990 1601; x_wconf 85' lang='grc' dir='ltr'><strong><em>καί</em></strong></span> <span class='ocrx_word' id='word_1_96' title='bbox 1018 1544 1087 1613; x_wconf 78' lang='grc' dir='ltr'><strong><em>ταῖς</em></strong></span> <span class='ocrx_word' id='word_1_97' title='bbox 1108 1533 1238 1611; x_wconf 84' lang='grc' dir='ltr'><strong><em>οἰκείαις</em></strong></span> 
     </span>
     <span class='ocr_line' id='line_1_14' title="bbox 127 1626 1237 1721; baseline 0.003 -24"><span class='ocrx_word' id='word_1_98' title='bbox 127 1637 284 1717; x_wconf 81' lang='grc' dir='ltr'><strong><em>φατρίαις</em></strong></span> <span class='ocrx_word' id='word_1_99' title='bbox 317 1626 416 1711; x_wconf 72' lang='grc' dir='ltr'><strong><em>αὖθις</em></strong></span> <span class='ocrx_word' id='word_1_100' title='bbox 449 1633 607 1715; x_wconf 73' lang='grc' dir='ltr'><strong><em>ἀνασώζει</em></strong></span> <span class='ocrx_word' id='word_1_101' title='bbox 637 1642 692 1704; x_wconf 83' lang='grc' dir='ltr'><strong><em>καί</em></strong></span> <span class='ocrx_word' id='word_1_102' title='bbox 719 1638 949 1721; x_wconf 76' lang='grc' dir='ltr'><strong><em>παραδίδωσιν.</em></strong></span> <span class='ocrx_word' id='word_1_103' title='bbox 998 1631 1077 1719; x_wconf 73' lang='grc' dir='ltr'><strong><em>ἔγνον</em></strong></span> <span class='ocrx_word' id='word_1_104' title='bbox 1111 1638 1148 1701; x_wconf 73' lang='grc' dir='ltr'><strong>δὲ</strong></span> <span class='ocrx_word' id='word_1_105' title='bbox 1168 1633 1237 1700; x_wconf 88' lang='grc' dir='ltr'><strong><em>τότε</em></strong></span> 
     </span>
     <span class='ocr_line' id='line_1_15' title="bbox 127 1727 1238 1821; baseline 0.005 -26"><span class='ocrx_word' id='word_1_106' title='bbox 127 1736 257 1817; x_wconf 74' lang='grc' dir='ltr'><strong><em>πρῶτον</em></strong></span> <span class='ocrx_word' id='word_1_107' title='bbox 279 1727 328 1799; x_wconf 79' lang='grc' dir='ltr'><strong>ὅτι</strong></span> <span class='ocrx_word' id='word_1_108' title='bbox 348 1732 451 1821; x_wconf 82' lang='grc' dir='ltr'><strong><em>μάτην</em></strong></span> <span class='ocrx_word' id='word_1_109' title='bbox 474 1738 619 1807; x_wconf 83' lang='grc' dir='ltr'><strong><em>Αἰθίοπα</em></strong></span> <span class='ocrx_word' id='word_1_110' title='bbox 641 1740 795 1803; x_wconf 84' lang='grc' dir='ltr'><strong><em>λευκάναί</em></strong></span> <span class='ocrx_word' id='word_1_111' title='bbox 808 1762 855 1815; x_wconf 88' lang='grc' dir='ltr'><strong><em>τις</em></strong></span> <span class='ocrx_word' id='word_1_112' title='bbox 877 1740 1093 1819; x_wconf 75' lang='grc' dir='ltr'><strong><em>ἐπιβάλλεται,</em></strong></span> <span class='ocrx_word' id='word_1_113' title='bbox 1114 1734 1171 1802; x_wconf 81' lang='grc' dir='ltr'><strong><em>καί</em></strong></span> <span class='ocrx_word' id='word_1_114' title='bbox 1189 1731 1238 1801; x_wconf 85' lang='grc' dir='ltr'><strong>άτι</strong></span> 
     </span>
     <span class='ocr_line' id='line_1_16' title="bbox 77 1824 1235 1923; baseline 0.002 -26"><span class='ocrx_word' id='word_1_115' title='bbox 77 1824 204 1919; x_wconf 80' lang='grc' dir='ltr'><strong><em>15ὅφιν</em></strong></span> <span class='ocrx_word' id='word_1_116' title='bbox 224 1838 353 1921; x_wconf 74' lang='grc' dir='ltr'><strong><em>τρέφειν</em></strong></span> <span class='ocrx_word' id='word_1_117' title='bbox 375 1840 430 1903; x_wconf 83' lang='grc' dir='ltr'><strong><em>καί</em></strong></span> <span class='ocrx_word' id='word_1_118' title='bbox 444 1836 580 1923; x_wconf 86' lang='grc' dir='ltr'><strong><em>πονηράν</em></strong></span> <span class='ocrx_word' id='word_1_119' title='bbox 600 1837 777 1923; x_wconf 74' lang='grc' dir='ltr'><strong><em>εὐεργετεῖν</em></strong></span> <span class='ocrx_word' id='word_1_120' title='bbox 800 1832 921 1920; x_wconf 82' lang='grc' dir='ltr'><strong><em>ὅμοιον,</em></strong></span> <span class='ocrx_word' id='word_1_121' title='bbox 940 1836 997 1903; x_wconf 85' lang='grc' dir='ltr'><strong><em>καί</em></strong></span> <span class='ocrx_word' id='word_1_122' title='bbox 1016 1837 1083 1903; x_wconf 77' lang='grc' dir='ltr'><strong>οὐδ’</strong></span> <span class='ocrx_word' id='word_1_123' title='bbox 1103 1832 1235 1903; x_wconf 72' lang='grc' dir='ltr'><strong><em>ἑκάστου</em></strong></span> 
     </span>
     <span class='ocr_line' id='line_1_17' title="bbox 126 1929 1245 2023; baseline 0.003 -26"><span class='ocrx_word' id='word_1_124' title='bbox 126 1933 249 1999; x_wconf 77' lang='grc' dir='ltr'><strong><em>τούτων</em></strong></span> <span class='ocrx_word' id='word_1_125' title='bbox 273 1935 292 2018; x_wconf 82' lang='grc' dir='ltr'><em>ἦ</em></span> <span class='ocrx_word' id='word_1_126' title='bbox 319 1936 417 2023; x_wconf 87' lang='grc' dir='ltr'><strong><em>χάρις</em></strong></span> <span class='ocrx_word' id='word_1_127' title='bbox 448 1932 624 2005; x_wconf 84' lang='grc' dir='ltr'><strong><em>άπατίκτειν</em></strong></span> <span class='ocrx_word' id='word_1_128' title='bbox 657 1937 772 2004; x_wconf 87' lang='grc' dir='ltr'><strong><em>εἴωθεν</em></strong></span> <span class='ocrx_word' id='word_1_129' title='bbox 803 1932 946 2004; x_wconf 75' lang='grc' dir='ltr'><strong><em>εὔνοιαν·</em></strong></span> <span class='ocrx_word' id='word_1_130' title='bbox 997 1934 1079 2003; x_wconf 79' lang='grc' dir='ltr'><strong><em>κατά</em></strong></span> <span class='ocrx_word' id='word_1_131' title='bbox 1106 1933 1166 2022; x_wconf 85' lang='grc' dir='ltr'><strong>γάρ</strong></span> <span class='ocrx_word' id='word_1_132' title='bbox 1196 1929 1245 2000; x_wconf 39' lang='grc' dir='ltr'><strong>τάν</strong></span> 
     </span>
     <span class='ocr_line' id='line_1_18' title="bbox 126 2034 1235 2123; baseline 0.005 -26"><span class='ocrx_word' id='word_1_133' title='bbox 126 2036 243 2116; x_wconf 80' lang='grc' dir='ltr'><strong><em>οἰκεῖον</em></strong></span> <span class='ocrx_word' id='word_1_134' title='bbox 265 2034 357 2115; x_wconf 78' lang='grc' dir='ltr'><strong><em>ἔθνος</em></strong></span> <span class='ocrx_word' id='word_1_135' title='bbox 388 2040 546 2122; x_wconf 81' lang='grc' dir='ltr'><strong><em>γενόμενοι</em></strong></span> <span class='ocrx_word' id='word_1_136' title='bbox 574 2039 676 2107; x_wconf 88' lang='grc' dir='ltr'><strong><em>πάντα</em></strong></span> <span class='ocrx_word' id='word_1_137' title='bbox 709 2041 860 2123; x_wconf 86' lang='grc' dir='ltr'><strong><em>πράττειν</em></strong></span> <span class='ocrx_word' id='word_1_138' title='bbox 891 2034 951 2105; x_wconf 79' lang='grc' dir='ltr'><strong>ὅσα</strong></span> <span class='ocrx_word' id='word_1_139' title='bbox 971 2035 1005 2105; x_wconf 88' lang='grc' dir='ltr'><strong>τά</strong></span> <span class='ocrx_word' id='word_1_140' title='bbox 1031 2036 1105 2117; x_wconf 82' lang='grc' dir='ltr'><strong><em>ἔθος</em></strong></span> <span class='ocrx_word' id='word_1_141' title='bbox 1126 2038 1235 2114; x_wconf 74' lang='grc' dir='ltr'><strong><em>αὐτοῖς</em></strong></span> 
     </span>
     <span class='ocr_line' id='line_1_19' title="bbox 125 2134 1235 2225; baseline 0.001 -24"><span class='ocrx_word' id='word_1_142' title='bbox 125 2134 262 2224; x_wconf 73' lang='grc' dir='ltr'><strong><em>παρῄνει</em></strong></span> <span class='ocrx_word' id='word_1_143' title='bbox 293 2143 348 2204; x_wconf 84' lang='grc' dir='ltr'><strong><em>καί</em></strong></span> <span class='ocrx_word' id='word_1_144' title='bbox 377 2142 558 2225; x_wconf 82' lang='grc' dir='ltr'><strong><em>θιηρὲθιζεν</em></strong></span> <span class='ocrx_word' id='word_1_145' title='bbox 574 2142 651 2206; x_wconf 75' lang='lat' dir='ltr'><strong>‘calu</strong></span> <span class='ocrx_word' id='word_1_146' title='bbox 682 2144 869 2224; x_wconf 83' lang='grc' dir='ltr'><strong><em>α’πείχαντο,</em></strong></span> <span class='ocrx_word' id='word_1_147' title='bbox 901 2149 1046 2225; x_wconf 80' lang='grc' dir='ltr'><strong><em>συνεχεῖς</em></strong></span> <span class='ocrx_word' id='word_1_148' title='bbox 1076 2136 1235 2225; x_wconf 73' lang='grc' dir='ltr'><strong><em>ἐκδρομὰς</em></strong></span> 
     </span>
     <span class='ocr_line' id='line_1_20' title="bbox 126 2236 1234 2332; baseline 0.005 -31"><span class='ocrx_word' id='word_1_149' title='bbox 126 2236 333 2321; x_wconf 73' lang='grc' dir='ltr'><strong><em>ἐργαζόμενοι</em></strong></span> <span class='ocrx_word' id='word_1_150' title='bbox 344 2243 400 2307; x_wconf 82' lang='grc' dir='ltr'><strong><em>καί</em></strong></span> <span class='ocrx_word' id='word_1_151' title='bbox 419 2246 726 2328; x_wconf 82' lang='grc' dir='ltr'><strong><em>λαφυραγωγοῦντες</em></strong></span> <span class='ocrx_word' id='word_1_152' title='bbox 748 2241 785 2307; x_wconf 87' lang='grc' dir='ltr'><strong>τά</strong></span> <span class='ocrx_word' id='word_1_153' title='bbox 807 2241 909 2332; x_wconf 85' lang='grc' dir='ltr'><strong><em>κάκλφ</em></strong></span> <span class='ocrx_word' id='word_1_154' title='bbox 930 2246 986 2308; x_wconf 83' lang='grc' dir='ltr'><strong><em>καί</em></strong></span> <span class='ocrx_word' id='word_1_155' title='bbox 997 2244 1059 2305; x_wconf 88' lang='grc' dir='ltr'><strong>πάν</strong></span> <span class='ocrx_word' id='word_1_156' title='bbox 1074 2236 1109 2306; x_wconf 88' lang='grc' dir='ltr'><strong>τά</strong></span> <span class='ocrx_word' id='word_1_157' title='bbox 1132 2263 1234 2324; x_wconf 87' lang='grc' dir='ltr'><strong><em>προσ-</em></strong></span> 
     </span>
     <span class='ocr_line' id='line_1_21' title="bbox 75 2334 1360 2436; baseline -0.002 -27"><span class='ocrx_word' id='word_1_158' title='bbox 75 2336 444 2426; x_wconf 64' lang='grc' dir='ltr'><strong><em>θθτυχόνληιζάμευοι,</em></strong></span> <span class='ocrx_word' id='word_1_159' title='bbox 476 2343 532 2409; x_wconf 80' lang='grc' dir='ltr'><strong><em>καί</em></strong></span> <span class='ocrx_word' id='word_1_160' title='bbox 556 2344 612 2429; x_wconf 81' lang='grc' dir='ltr'><strong>την</strong></span> <span class='ocrx_word' id='word_1_161' title='bbox 635 2343 831 2436; x_wconf 66' lang='grc' dir='ltr'><strong><em>Ῥωμαϊκήν</em></strong></span> <span class='ocrx_word' id='word_1_162' title='bbox 850 2348 909 2428; x_wconf 76' lang='grc' dir='ltr'><strong>γῆν</strong></span> <span class='ocrx_word' id='word_1_163' title='bbox 941 2352 1006 2420; x_wconf 83' lang='grc' dir='ltr'><strong><em>τοῖς</em></strong></span> <span class='ocrx_word' id='word_1_164' title='bbox 1039 2340 1152 2426; x_wconf 79' lang='grc' dir='ltr'><strong><em>αἵμασι</em></strong></span> <span class='ocrx_word' id='word_1_165' title='bbox 1171 2334 1262 2406; x_wconf 68' lang='lat' dir='ltr'><strong>voirs·</strong></span> <span class='ocrx_word' id='word_1_166' title='bbox 1279 2334 1360 2393; x_wconf 75' lang='lat'><strong>¹⁷3¹·</strong></span> 
     </span>
     <span class='ocr_line' id='line_1_22' title="bbox 127 2437 1239 2539; baseline 0 -33"><span class='ocrx_word' id='word_1_167' title='bbox 127 2437 285 2506; x_wconf 69' lang='lat' dir='ltr'><strong>Adsciscor</strong></span> <span class='ocrx_word' id='word_1_168' title='bbox 307 2446 490 2521; x_wconf 84' lang='grc' dir='ltr'><strong><em>πιαίνοντες.</em></strong></span> <span class='ocrx_word' id='word_1_169' title='bbox 514 2448 564 2510; x_wconf 80' lang='grc' dir='ltr'><strong>διὸ</strong></span> <span class='ocrx_word' id='word_1_170' title='bbox 587 2449 642 2512; x_wconf 84' lang='grc' dir='ltr'><strong><em>καί</em></strong></span> <span class='ocrx_word' id='word_1_171' title='bbox 659 2445 906 2539; x_wconf 77' lang='grc' dir='ltr'><strong><em>συνηναγκάσθη</em></strong></span> <span class='ocrx_word' id='word_1_172' title='bbox 926 2444 1019 2510; x_wconf 89' lang='grc' dir='ltr'><strong><em>πάλιν</em></strong></span> <span class='ocrx_word' id='word_1_173' title='bbox 1042 2439 1058 2510; x_wconf 81' lang='grc' dir='ltr'>ὅ</span> <span class='ocrx_word' id='word_1_174' title='bbox 1079 2443 1239 2528; x_wconf 30' lang='grc' dir='ltr'><strong><em>βασιλεὺς,</em></strong></span> 
     </span>
     <span class='ocr_line' id='line_1_23' title="bbox 128 2543 1235 2632; baseline 0.004 -26"><span class='ocrx_word' id='word_1_175' title='bbox 128 2543 211 2610; x_wconf 85' lang='grc' dir='ltr'><strong><em>κατά</em></strong></span> <span class='ocrx_word' id='word_1_176' title='bbox 234 2547 296 2610; x_wconf 81' lang='grc' dir='ltr'><strong><em>νοῦν</em></strong></span> <span class='ocrx_word' id='word_1_177' title='bbox 317 2543 493 2632; x_wconf 82' lang='grc' dir='ltr'><strong><em>βαρβάρων</em></strong></span> <span class='ocrx_word' id='word_1_178' title='bbox 514 2547 626 2614; x_wconf 81' lang='grc' dir='ltr'><strong><em>ε’λάσαι</em></strong></span> <span class='ocrx_word' id='word_1_179' title='bbox 648 2543 800 2627; x_wconf 85' lang='grc' dir='ltr'><strong><em>στρατιάν</em></strong></span> <span class='ocrx_word' id='word_1_180' title='bbox 815 2544 1002 2628; x_wconf 81' lang='grc' dir='ltr'><strong><em>α’ξιάμαχον.</em></strong></span> <span class='ocrx_word' id='word_1_181' title='bbox 1043 2547 1098 2613; x_wconf 83' lang='grc' dir='ltr'><strong><em>καί</em></strong></span> <span class='ocrx_word' id='word_1_182' title='bbox 1116 2551 1235 2612; x_wconf 81' lang='grc' dir='ltr'><strong><em>συνελ-</em></strong></span> 
     </span>
     <span class='ocr_line' id='line_1_24' title="bbox 126 2639 1233 2734; baseline 0.003 -25"><span class='ocrx_word' id='word_1_183' title='bbox 126 2641 251 2731; x_wconf 78' lang='grc' dir='ltr'><strong><em>θούσης</em></strong></span> <span class='ocrx_word' id='word_1_184' title='bbox 272 2639 373 2731; x_wconf 73' lang='grc' dir='ltr'><strong><em>αάιῆς</em></strong></span> <span class='ocrx_word' id='word_1_185' title='bbox 400 2648 454 2712; x_wconf 88' lang='grc' dir='ltr'><strong><em>καί</em></strong></span> <span class='ocrx_word' id='word_1_186' title='bbox 486 2656 550 2726; x_wconf 79' lang='grc' dir='ltr'><strong><em>τοῖς</em></strong></span> <span class='ocrx_word' id='word_1_187' title='bbox 582 2647 737 2724; x_wconf 75' lang='grc' dir='ltr'><strong><em>ἐναντίοις</em></strong></span> <span class='ocrx_word' id='word_1_188' title='bbox 765 2649 1101 2734; x_wconf 81' lang='grc' dir='ltr'><strong><em>άντιπαραταξαμίνης</em></strong></span> <span class='ocrx_word' id='word_1_189' title='bbox 1128 2644 1233 2732; x_wconf 81' lang='grc' dir='ltr'><strong><em>μάχαι</em></strong></span> 
     </span>
    </p>
   </div>
   <div class='ocr_carea' id='block_1_3' title="bbox 188 2797 1233 2902">
    <p class='ocr_par' dir='ltr' id='par_1_5' title="bbox 188 2797 1233 2902">
     <span class='ocr_line' id='line_1_25' title="bbox 188 2797 1233 2902; baseline 0.006 -26"><span class='ocrx_word' id='word_1_190' title='bbox 188 2797 245 2880; x_wconf 22' lang='grc'><strong>110.</strong></span> <span class='ocrx_word' id='word_1_191' title='bbox 266 2826 467 2890; x_wconf 64' lang='lat' dir='ltr'><strong>scrutatione?</strong></span> <span class='ocrx_word' id='word_1_192' title='bbox 564 2827 605 2880; x_wconf 92' lang='lat'><strong>11.</strong></span> <span class='ocrx_word' id='word_1_193' title='bbox 626 2827 776 2892; x_wconf 75' lang='grc' dir='ltr'><strong><em>α’ξιώοαςλ</em></strong></span> <span class='ocrx_word' id='word_1_194' title='bbox 849 2827 891 2882; x_wconf 88' lang='grc'><strong>16.</strong></span> <span class='ocrx_word' id='word_1_195' title='bbox 911 2828 1058 2902; x_wconf 74' lang='grc' dir='ltr'><strong><em>ἐτέρουοα</em></strong></span> <span class='ocrx_word' id='word_1_196' title='bbox 1077 2825 1233 2902; x_wconf 70' lang='grc' dir='ltr'><strong><em>ἑκατέρουλ</em></strong></span> 
     </span>
    </p>
   </div>
   <div class='ocr_carea' id='block_1_4' title="bbox 65 2973 1234 4264">
    <p class='ocr_par' dir='ltr' id='par_1_6' title="bbox 107 2973 1234 3318">
     <span class='ocr_line' id='line_1_26' title="bbox 123 2973 1233 3042; baseline 0.003 -18"><span class='ocrx_word' id='word_1_197' title='bbox 123 2980 249 3026; x_wconf 79' lang='lat' dir='ltr'><strong>scantur</strong></span> <span class='ocrx_word' id='word_1_198' title='bbox 286 2983 312 3026; x_wconf 89' lang='lat' dir='ltr'><strong>et</strong></span> <span class='ocrx_word' id='word_1_199' title='bbox 333 2974 471 3042; x_wconf 74' lang='lat' dir='ltr'><strong>dissipatio</strong></span> <span class='ocrx_word' id='word_1_200' title='bbox 491 2982 546 3028; x_wconf 88' lang='lat' dir='ltr'><strong>turn</strong></span> <span class='ocrx_word' id='word_1_201' title='bbox 567 2976 762 3040; x_wconf 73' lang='lat' dir='ltr'><strong>exercitantis,</strong></span> <span class='ocrx_word' id='word_1_202' title='bbox 790 2989 850 3026; x_wconf 89' lang='lat' dir='ltr'><strong>cnm</strong></span> <span class='ocrx_word' id='word_1_203' title='bbox 869 2973 981 3027; x_wconf 82' lang='lat' dir='ltr'><strong>llomani</strong></span> <span class='ocrx_word' id='word_1_204' title='bbox 1001 2975 1121 3026; x_wconf 83' lang='lat' dir='ltr'><strong>contenti</strong></span> <span class='ocrx_word' id='word_1_205' title='bbox 1141 2981 1233 3027; x_wconf 86' lang='lat' dir='ltr'><strong>csscnt</strong></span> 
     </span>
     <span class='ocr_line' id='line_1_27' title="bbox 107 3041 1234 3131; baseline 0.004 -37"><span class='ocrx_word' id='word_1_206' title='bbox 107 3043 167 3096; x_wconf 87' lang='lat' dir='ltr'><strong>-his</strong></span> <span class='ocrx_word' id='word_1_207' title='bbox 189 3054 263 3098; x_wconf 87' lang='lat' dir='ltr'><strong>etse</strong></span> <span class='ocrx_word' id='word_1_208' title='bbox 283 3059 330 3098; x_wconf 87' lang='lat' dir='ltr'><strong>eos</strong></span> <span class='ocrx_word' id='word_1_209' title='bbox 349 3055 504 3100; x_wconf 86' lang='lat' dir='ltr'><strong>mansuetos</strong></span> <span class='ocrx_word' id='word_1_210' title='bbox 531 3056 654 3113; x_wconf 86' lang='lat' dir='ltr'><strong>putarent</strong></span> <span class='ocrx_word' id='word_1_211' title='bbox 674 3047 801 3131; x_wconf 81' lang='lat' dir='ltr'><strong>facturos,</strong></span> <span class='ocrx_word' id='word_1_212' title='bbox 834 3041 879 3115; x_wconf 76' lang='lat' dir='ltr'><strong>quii</strong></span> <span class='ocrx_word' id='word_1_213' title='bbox 896 3049 1031 3115; x_wconf 88' lang='lat' dir='ltr'><strong>nunquam</strong></span> <span class='ocrx_word' id='word_1_214' title='bbox 1052 3046 1122 3099; x_wconf 87' lang='lat' dir='ltr'><strong>tales</strong></span> <span class='ocrx_word' id='word_1_215' title='bbox 1137 3047 1234 3098; x_wconf 82' lang='lat' dir='ltr'><strong>licront</strong></span> 
     </span>
     <span class='ocr_line' id='line_1_28' title="bbox 123 3117 1232 3201; baseline 0.005 -36"><span class='ocrx_word' id='word_1_216' title='bbox 123 3131 215 3184; x_wconf 88' lang='lat' dir='ltr'><strong>neque</strong></span> <span class='ocrx_word' id='word_1_217' title='bbox 235 3117 389 3169; x_wconf 78' lang='lat' dir='ltr'><strong>facultatem</strong></span> <span class='ocrx_word' id='word_1_218' title='bbox 408 3119 538 3170; x_wconf 89' lang='lat' dir='ltr'><strong>haberent</strong></span> <span class='ocrx_word' id='word_1_219' title='bbox 557 3119 635 3172; x_wconf 89' lang='lat' dir='ltr'><strong>huius</strong></span> <span class='ocrx_word' id='word_1_220' title='bbox 654 3121 703 3170; x_wconf 90' lang='lat' dir='ltr'><strong>rei.</strong></span> <span class='ocrx_word' id='word_1_221' title='bbox 752 3128 838 3201; x_wconf 81' lang='lat' dir='ltr'><strong>atque</strong></span> <span class='ocrx_word' id='word_1_222' title='bbox 860 3119 942 3170; x_wconf 85' lang='lat' dir='ltr'><strong>duces</strong></span> <span class='ocrx_word' id='word_1_223' title='bbox 961 3119 1068 3187; x_wconf 86' lang='lat' dir='ltr'><strong>quidem</strong></span> <span class='ocrx_word' id='word_1_224' title='bbox 1085 3117 1179 3170; x_wconf 88' lang='lat' dir='ltr'><strong>horum</strong></span> <span class='ocrx_word' id='word_1_225' title='bbox 1199 3118 1232 3170; x_wconf 88' lang='lat' dir='ltr'><strong>ad</strong></span> 
     </span>
     <span class='ocr_line' id='line_1_29' title="bbox 123 3189 1232 3310; baseline 0.003 -73"><span class='ocrx_word' id='word_1_226' title='bbox 123 3203 218 3310; x_wconf 68' lang='lat' dir='ltr'><strong>reglsm</strong></span> <span class='ocrx_word' id='word_1_227' title='bbox 235 3190 383 3255; x_wconf 87' lang='lat' dir='ltr'><strong>mittuntur,</strong></span> <span class='ocrx_word' id='word_1_228' title='bbox 404 3191 488 3242; x_wconf 90' lang='lat' dir='ltr'><strong>ceteri</strong></span> <span class='ocrx_word' id='word_1_229' title='bbox 507 3193 615 3242; x_wconf 89' lang='lat' dir='ltr'><strong>autem</strong></span> <span class='ocrx_word' id='word_1_230' title='bbox 609 3193 726 3260; x_wconf 77' lang='lat' dir='ltr'><strong>ipsorum</strong></span> <span class='ocrx_word' id='word_1_231' title='bbox 746 3191 853 3242; x_wconf 90' lang='lat' dir='ltr'><strong>munitis</strong></span> <span class='ocrx_word' id='word_1_232' title='bbox 868 3190 937 3242; x_wconf 91' lang='lat' dir='ltr'><strong>locis</strong></span> <span class='ocrx_word' id='word_1_233' title='bbox 957 3189 1194 3242; x_wconf 82' lang='lat' dir='ltr'><strong>observabantur·</strong></span> <span class='ocrx_word' id='word_1_234' title='bbox 1187 3205 1232 3241; x_wconf 83' lang='lat' dir='ltr'><strong>rn-</strong></span> 
     </span>
     <span class='ocr_line' id='line_1_30' title="bbox 124 3273 260 3318; baseline 0.032 -10"><span class='ocrx_word' id='word_1_235' title='bbox 124 3273 162 3308; x_wconf 93' lang='lat' dir='ltr'><strong>co</strong></span> <span class='ocrx_word' id='word_1_236' title='bbox 177 3275 260 3318; x_wconf 85' lang='lat' dir='ltr'><strong>umes.</strong></span> 
     </span>
    </p>

    <p class='ocr_par' dir='ltr' id='par_1_7' title="bbox 121 3330 1232 3762">
     <span class='ocr_line' id='line_1_31' title="bbox 225 3330 1232 3400; baseline -0.002 -16"><span class='ocrx_word' id='word_1_237' title='bbox 225 3330 290 3384; x_wconf 84' lang='lat' dir='ltr'><strong>Cum</strong></span> <span class='ocrx_word' id='word_1_238' title='bbox 314 3341 402 3386; x_wconf 89' lang='lat' dir='ltr'><strong>autem</strong></span> <span class='ocrx_word' id='word_1_239' title='bbox 428 3344 561 3388; x_wconf 78' lang='lat' dir='ltr'><strong>cessasset</strong></span> <span class='ocrx_word' id='word_1_240' title='bbox 586 3334 691 3386; x_wconf 88' lang='lat' dir='ltr'><strong>morbus</strong></span> <span class='ocrx_word' id='word_1_241' title='bbox 720 3340 747 3383; x_wconf 86' lang='lat' dir='ltr'><strong>et</strong></span> <span class='ocrx_word' id='word_1_242' title='bbox 772 3333 842 3384; x_wconf 88' lang='lat' dir='ltr'><strong>sicut</strong></span> <span class='ocrx_word' id='word_1_243' title='bbox 866 3341 1005 3400; x_wconf 76' lang='lat' dir='ltr'><strong>serpentes</strong></span> <span class='ocrx_word' id='word_1_244' title='bbox 1032 3331 1123 3384; x_wconf 83' lang='lat' dir='ltr'><strong>calore</strong></span> <span class='ocrx_word' id='word_1_245' title='bbox 1142 3331 1232 3384; x_wconf 83' lang='lat' dir='ltr'><strong>valido</strong></span> 
     </span>
     <span class='ocr_line' id='line_1_32' title="bbox 122 3403 1230 3474; baseline 0 -20"><span class='ocrx_word' id='word_1_246' title='bbox 122 3417 154 3454; x_wconf 84' lang='lat' dir='ltr'><strong>ss</strong></span> <span class='ocrx_word' id='word_1_247' title='bbox 173 3413 314 3455; x_wconf 84' lang='lat' dir='ltr'><strong>moverent</strong></span> <span class='ocrx_word' id='word_1_248' title='bbox 340 3404 382 3455; x_wconf 94' lang='lat' dir='ltr'><strong>illi</strong></span> <span class='ocrx_word' id='word_1_249' title='bbox 408 3414 434 3457; x_wconf 90' lang='lat' dir='ltr'><strong>et</strong></span> <span class='ocrx_word' id='word_1_250' title='bbox 453 3408 607 3474; x_wconf 85' lang='lat' dir='ltr'><strong>opinionem</strong></span> <span class='ocrx_word' id='word_1_251' title='bbox 628 3406 807 3458; x_wconf 86' lang='lat' dir='ltr'><strong>obtinuissent</strong></span> <span class='ocrx_word' id='word_1_252' title='bbox 823 3404 929 3456; x_wconf 90' lang='lat' dir='ltr'><strong>roboris</strong></span> <span class='ocrx_word' id='word_1_253' title='bbox 949 3403 1142 3466; x_wconf 86' lang='lat' dir='ltr'><strong>intractabilis,</strong></span> <span class='ocrx_word' id='word_1_254' title='bbox 1162 3418 1230 3454; x_wconf 90' lang='lat' dir='ltr'><strong>con-</strong></span> 
     </span>
     <span class='ocr_line' id='line_1_33' title="bbox 121 3474 1230 3543; baseline -0.002 -17"><span class='ocrx_word' id='word_1_255' title='bbox 121 3474 214 3526; x_wconf 87' lang='lat' dir='ltr'><strong>silinm</strong></span> <span class='ocrx_word' id='word_1_256' title='bbox 232 3475 323 3526; x_wconf 88' lang='lat' dir='ltr'><strong>habuit</strong></span> <span class='ocrx_word' id='word_1_257' title='bbox 341 3491 390 3528; x_wconf 81' lang='lat' dir='ltr'><strong>rex</strong></span> <span class='ocrx_word' id='word_1_258' title='bbox 407 3479 488 3532; x_wconf 85' lang='lat' dir='ltr'><strong>duces</strong></span> <span class='ocrx_word' id='word_1_259' title='bbox 508 3495 600 3532; x_wconf 90' lang='lat' dir='ltr'><strong>eorum</strong></span> <span class='ocrx_word' id='word_1_260' title='bbox 616 3477 749 3530; x_wconf 89' lang='lat' dir='ltr'><strong>mittendi</strong></span> <span class='ocrx_word' id='word_1_261' title='bbox 767 3484 796 3528; x_wconf 92' lang='lat' dir='ltr'><strong>nt</strong></span> <span class='ocrx_word' id='word_1_262' title='bbox 825 3477 962 3528; x_wconf 84' lang='lat' dir='ltr'><strong>erudirent</strong></span> <span class='ocrx_word' id='word_1_263' title='bbox 984 3491 1070 3543; x_wconf 75' lang='lat' dir='ltr'><strong>genus</strong></span> <span class='ocrx_word' id='word_1_264' title='bbox 1088 3483 1230 3542; x_wconf 77' lang='lat' dir='ltr'><strong>cognatum</strong></span> 
     </span>
     <span class='ocr_line' id='line_1_34' title="bbox 121 3545 1232 3616; baseline 0 -20"><span class='ocrx_word' id='word_1_265' title='bbox 121 3546 195 3612; x_wconf 89' lang='lat' dir='ltr'><strong>quod</strong></span> <span class='ocrx_word' id='word_1_266' title='bbox 211 3547 310 3598; x_wconf 91' lang='lat' dir='ltr'><strong>aderat</strong></span> <span class='ocrx_word' id='word_1_267' title='bbox 323 3549 420 3600; x_wconf 88' lang='lat' dir='ltr'><strong>accidit</strong></span> <span class='ocrx_word' id='word_1_268' title='bbox 433 3551 503 3600; x_wconf 86' lang='lat' dir='ltr'><strong>enim</strong></span> <span class='ocrx_word' id='word_1_269' title='bbox 516 3559 545 3601; x_wconf 95' lang='lat' dir='ltr'><strong>ut</strong></span> <span class='ocrx_word' id='word_1_270' title='bbox 558 3565 605 3604; x_wconf 87' lang='lat' dir='ltr'><strong>eos</strong></span> <span class='ocrx_word' id='word_1_271' title='bbox 619 3549 742 3602; x_wconf 87' lang='lat' dir='ltr'><strong>novando</strong></span> <span class='ocrx_word' id='word_1_272' title='bbox 758 3549 850 3600; x_wconf 89' lang='lat' dir='ltr'><strong>divino</strong></span> <span class='ocrx_word' id='word_1_273' title='bbox 862 3548 993 3614; x_wconf 89' lang='lat' dir='ltr'><strong>baptismo</strong></span> <span class='ocrx_word' id='word_1_274' title='bbox 1002 3546 1115 3616; x_wconf 76' lang='lat' dir='ltr'><strong>dignare</strong></span> <span class='ocrx_word' id='word_1_275' title='bbox 1127 3545 1232 3598; x_wconf 81' lang='lat' dir='ltr'><strong>vellent</strong></span> 
     </span>
     <span class='ocr_line' id='line_1_35' title="bbox 123 3615 1230 3688; baseline 0.001 -21"><span class='ocrx_word' id='word_1_276' title='bbox 123 3615 273 3670; x_wconf 85' lang='lat' dir='ltr'><strong>ethonore</strong></span> <span class='ocrx_word' id='word_1_277' title='bbox 293 3619 388 3686; x_wconf 80' lang='lat' dir='ltr'><strong>dignos</strong></span> <span class='ocrx_word' id='word_1_278' title='bbox 418 3619 517 3675; x_wconf 86' lang='lat' dir='ltr'><strong>babere</strong></span> <span class='ocrx_word' id='word_1_279' title='bbox 536 3623 659 3674; x_wconf 81' lang='lat' dir='ltr'><strong>maximo.</strong></span> <span class='ocrx_word' id='word_1_280' title='bbox 711 3629 793 3688; x_wconf 89' lang='lat' dir='ltr'><strong>atque</strong></span> <span class='ocrx_word' id='word_1_281' title='bbox 818 3621 859 3673; x_wconf 88' lang='lat' dir='ltr'><strong>sic</strong></span> <span class='ocrx_word' id='word_1_282' title='bbox 884 3620 948 3670; x_wconf 89' lang='lat' dir='ltr'><strong>lacit</strong></span> <span class='ocrx_word' id='word_1_283' title='bbox 974 3633 1021 3672; x_wconf 87' lang='lat' dir='ltr'><strong>cos</strong></span> <span class='ocrx_word' id='word_1_284' title='bbox 1042 3633 1148 3686; x_wconf 74' lang='lat' dir='ltr'><strong>pugnas</strong></span> <span class='ocrx_word' id='word_1_285' title='bbox 1167 3631 1230 3668; x_wconf 88' lang='lat' dir='ltr'><strong>mox</strong></span> 
     </span>
     <span class='ocr_line' id='line_1_36' title="bbox 122 3688 1231 3762; baseline 0.002 -25"><span class='ocrx_word' id='word_1_286' title='bbox 122 3688 314 3744; x_wconf 82' lang='lat' dir='ltr'><strong>conciliatores</strong></span> <span class='ocrx_word' id='word_1_287' title='bbox 335 3699 361 3742; x_wconf 90' lang='lat' dir='ltr'><strong>et</strong></span> <span class='ocrx_word' id='word_1_288' title='bbox 379 3691 533 3746; x_wconf 87' lang='lat' dir='ltr'><strong>domesticis</strong></span> <span class='ocrx_word' id='word_1_289' title='bbox 553 3693 677 3762; x_wconf 80' lang='lat' dir='ltr'><strong>gentibus</strong></span> <span class='ocrx_word' id='word_1_290' title='bbox 697 3708 789 3744; x_wconf 89' lang='lat' dir='ltr'><strong>rursus</strong></span> <span class='ocrx_word' id='word_1_291' title='bbox 809 3692 925 3744; x_wconf 87' lang='lat' dir='ltr'><strong>restituit</strong></span> <span class='ocrx_word' id='word_1_292' title='bbox 955 3699 983 3744; x_wconf 92' lang='lat' dir='ltr'><strong>et</strong></span> <span class='ocrx_word' id='word_1_293' title='bbox 1000 3691 1090 3742; x_wconf 84' lang='lat' dir='ltr'><strong>tradit.</strong></span> <span class='ocrx_word' id='word_1_294' title='bbox 1120 3688 1231 3741; x_wconf 84' lang='lat' dir='ltr'><strong>intelle-</strong></span> 
     </span>
    </p>

    <p class='ocr_par' dir='ltr' id='par_1_8' title="bbox 65 3760 1232 4264">
     <span class='ocr_line' id='line_1_37' title="bbox 65 3760 1231 3830; baseline 0.002 -22"><span class='ocrx_word' id='word_1_295' title='bbox 65 3799 70 3808; x_wconf 91' lang='lat'><em>.</em></span> <span class='ocrx_word' id='word_1_296' title='bbox 122 3760 163 3812; x_wconf 81' lang='lat' dir='ltr'><strong>xit</strong></span> <span class='ocrx_word' id='word_1_297' title='bbox 181 3770 270 3813; x_wconf 91' lang='lat' dir='ltr'><strong>autem</strong></span> <span class='ocrx_word' id='word_1_298' title='bbox 289 3769 342 3824; x_wconf 85' lang='lat' dir='ltr'><strong>tum</strong></span> <span class='ocrx_word' id='word_1_299' title='bbox 363 3764 483 3829; x_wconf 88' lang='lat' dir='ltr'><strong>primum,</strong></span> <span class='ocrx_word' id='word_1_300' title='bbox 505 3765 602 3816; x_wconf 84' lang='lat' dir='ltr'><strong>frustra</strong></span> <span class='ocrx_word' id='word_1_301' title='bbox 616 3764 779 3830; x_wconf 78' lang='lat' dir='ltr'><strong>Aethiopem</strong></span> <span class='ocrx_word' id='word_1_302' title='bbox 798 3762 890 3816; x_wconf 86' lang='lat' dir='ltr'><strong>albare</strong></span> <span class='ocrx_word' id='word_1_303' title='bbox 909 3762 1027 3830; x_wconf 86' lang='lat' dir='ltr'><strong>aliquem</strong></span> <span class='ocrx_word' id='word_1_304' title='bbox 1045 3761 1104 3824; x_wconf 88' lang='lat' dir='ltr'><strong>niti,</strong></span> <span class='ocrx_word' id='word_1_305' title='bbox 1125 3768 1152 3812; x_wconf 89' lang='lat' dir='ltr'><strong>et</strong></span> <span class='ocrx_word' id='word_1_306' title='bbox 1170 3776 1231 3811; x_wconf 87' lang='lat' dir='ltr'><strong>ser·</strong></span> 
     </span>
     <span class='ocr_line' id='line_1_38' title="bbox 86 3817 1231 3901; baseline -0.003 -17"><span class='ocrx_word' id='word_1_307' title='bbox 86 3855 91 3864; x_wconf 68' lang='lat'><strong><em>¹</em></strong></span> <span class='ocrx_word' id='word_1_308' title='bbox 121 3841 232 3898; x_wconf 79' lang='lat' dir='ltr'><strong>pentem</strong></span> <span class='ocrx_word' id='word_1_309' title='bbox 256 3817 330 3886; x_wconf 82' lang='lat' dir='ltr'><strong>alere</strong></span> <span class='ocrx_word' id='word_1_310' title='bbox 357 3842 383 3884; x_wconf 91' lang='lat' dir='ltr'><strong>et</strong></span> <span class='ocrx_word' id='word_1_311' title='bbox 402 3835 471 3886; x_wconf 91' lang='lat' dir='ltr'><strong>malo</strong></span> <span class='ocrx_word' id='word_1_312' title='bbox 498 3836 651 3887; x_wconf 86' lang='lat' dir='ltr'><strong>beneficerc</strong></span> <span class='ocrx_word' id='word_1_313' title='bbox 677 3836 747 3886; x_wconf 89' lang='lat' dir='ltr'><strong>idem</strong></span> <span class='ocrx_word' id='word_1_314' title='bbox 767 3847 844 3899; x_wconf 87' lang='lat' dir='ltr'><strong>esse,</strong></span> <span class='ocrx_word' id='word_1_315' title='bbox 870 3849 959 3901; x_wconf 85' lang='lat' dir='ltr'><strong>neque</strong></span> <span class='ocrx_word' id='word_1_316' title='bbox 988 3834 1119 3899; x_wconf 89' lang='lat' dir='ltr'><strong>cuiusque</strong></span> <span class='ocrx_word' id='word_1_317' title='bbox 1138 3831 1231 3883; x_wconf 87' lang='lat' dir='ltr'><strong>borum</strong></span> 
     </span>
     <span class='ocr_line' id='line_1_39' title="bbox 121 3901 1232 3974; baseline 0 -20"><span class='ocrx_word' id='word_1_318' title='bbox 121 3905 235 3970; x_wconf 81' lang='lat' dir='ltr'><strong>gratiam</strong></span> <span class='ocrx_word' id='word_1_319' title='bbox 260 3919 355 3970; x_wconf 84' lang='lat' dir='ltr'><strong>parcre</strong></span> <span class='ocrx_word' id='word_1_320' title='bbox 380 3905 470 3958; x_wconf 86' lang='lat' dir='ltr'><strong>solere</strong></span> <span class='ocrx_word' id='word_1_321' title='bbox 488 3907 722 3974; x_wconf 65' lang='lat' dir='ltr'><strong>benevolentiam</strong></span> <span class='ocrx_word' id='word_1_322' title='bbox 750 3907 850 3957; x_wconf 85' lang='lat' dir='ltr'><strong>etenim</strong></span> <span class='ocrx_word' id='word_1_323' title='bbox 879 3920 939 3956; x_wconf 89' lang='lat' dir='ltr'><strong>cum</strong></span> <span class='ocrx_word' id='word_1_324' title='bbox 964 3905 1088 3972; x_wconf 87' lang='lat' dir='ltr'><strong>proprius</strong></span> <span class='ocrx_word' id='word_1_325' title='bbox 1115 3901 1232 3969; x_wconf 83' lang='lat' dir='ltr'><strong>populus</strong></span> 
     </span>
     <span class='ocr_line' id='line_1_40' title="bbox 122 3975 1232 4064; baseline -0.001 -38"><span class='ocrx_word' id='word_1_326' title='bbox 122 3975 187 4027; x_wconf 84' lang='lat' dir='ltr'><strong>lacti</strong></span> <span class='ocrx_word' id='word_1_327' title='bbox 207 3985 297 4028; x_wconf 87' lang='lat' dir='ltr'><strong>essent</strong></span> <span class='ocrx_word' id='word_1_328' title='bbox 312 3979 400 4028; x_wconf 91' lang='lat' dir='ltr'><strong>omnia</strong></span> <span class='ocrx_word' id='word_1_329' title='bbox 412 3977 511 4042; x_wconf 86' lang='lat' dir='ltr'><strong>iacere,</strong></span> <span class='ocrx_word' id='word_1_330' title='bbox 531 3981 564 4032; x_wconf 92' lang='lat' dir='ltr'><strong>ad</strong></span> <span class='ocrx_word' id='word_1_331' title='bbox 578 3995 646 4064; x_wconf 77' lang='lat' dir='ltr'><strong>puae</strong></span> <span class='ocrx_word' id='word_1_332' title='bbox 660 3993 717 4030; x_wconf 89' lang='lat' dir='ltr'><strong>mos</strong></span> <span class='ocrx_word' id='word_1_333' title='bbox 735 3992 782 4030; x_wconf 92' lang='lat' dir='ltr'><strong>eos</strong></span> <span class='ocrx_word' id='word_1_334' title='bbox 801 3976 956 4028; x_wconf 84' lang='lat' dir='ltr'><strong>hortabatur</strong></span> <span class='ocrx_word' id='word_1_335' title='bbox 976 3984 1002 4027; x_wconf 88' lang='lat' dir='ltr'><strong>et</strong></span> <span class='ocrx_word' id='word_1_336' title='bbox 1020 3975 1164 4038; x_wconf 82' lang='lat' dir='ltr'><strong>excitabat,</strong></span> <span class='ocrx_word' id='word_1_337' title='bbox 1177 3988 1232 4026; x_wconf 93' lang='lat' dir='ltr'><strong>non</strong></span> 
     </span>
     <span class='ocr_line' id='line_1_41' title="bbox 121 4047 1232 4118; baseline -0.004 -18"><span class='ocrx_word' id='word_1_338' title='bbox 121 4047 302 4110; x_wconf 85' lang='lat' dir='ltr'><strong>desistebant,</strong></span> <span class='ocrx_word' id='word_1_339' title='bbox 328 4065 387 4100; x_wconf 90' lang='lat' dir='ltr'><strong>cum</strong></span> <span class='ocrx_word' id='word_1_340' title='bbox 412 4052 555 4103; x_wconf 87' lang='lat' dir='ltr'><strong>continuos</strong></span> <span class='ocrx_word' id='word_1_341' title='bbox 584 4053 698 4118; x_wconf 90' lang='lat' dir='ltr'><strong>impetus</strong></span> <span class='ocrx_word' id='word_1_342' title='bbox 718 4049 839 4101; x_wconf 86' lang='lat' dir='ltr'><strong>iacerent</strong></span> <span class='ocrx_word' id='word_1_343' title='bbox 858 4055 885 4098; x_wconf 87' lang='lat' dir='ltr'><strong>et</strong></span> <span class='ocrx_word' id='word_1_344' title='bbox 902 4047 1052 4114; x_wconf 87' lang='lat' dir='ltr'><strong>spoliarent</strong></span> <span class='ocrx_word' id='word_1_345' title='bbox 1070 4062 1140 4114; x_wconf 86' lang='lat' dir='ltr'><strong>quas</strong></span> <span class='ocrx_word' id='word_1_346' title='bbox 1159 4047 1232 4098; x_wconf 87' lang='lat' dir='ltr'><strong>circa</strong></span> 
     </span>
     <span class='ocr_line' id='line_1_42' title="bbox 122 4117 1232 4190; baseline -0.004 -20"><span class='ocrx_word' id='word_1_347' title='bbox 122 4127 200 4170; x_wconf 64' lang='lat' dir='ltr'><strong>aaut</strong></span> <span class='ocrx_word' id='word_1_348' title='bbox 216 4127 243 4170; x_wconf 87' lang='lat' dir='ltr'><strong>et</strong></span> <span class='ocrx_word' id='word_1_349' title='bbox 256 4133 432 4189; x_wconf 73' lang='lat' dir='ltr'><strong>quaecunque</strong></span> <span class='ocrx_word' id='word_1_350' title='bbox 446 4131 627 4187; x_wconf 82' lang='lat' dir='ltr'><strong>occurrerent,</strong></span> <span class='ocrx_word' id='word_1_351' title='bbox 647 4125 786 4190; x_wconf 87' lang='lat' dir='ltr'><strong>privarent</strong></span> <span class='ocrx_word' id='word_1_352' title='bbox 804 4127 832 4172; x_wconf 85' lang='lat' dir='ltr'><strong>et</strong></span> <span class='ocrx_word' id='word_1_353' title='bbox 844 4120 971 4172; x_wconf 86' lang='lat' dir='ltr'><strong>Graecum</strong></span> <span class='ocrx_word' id='word_1_354' title='bbox 989 4127 1087 4172; x_wconf 88' lang='lat' dir='ltr'><strong>torram</strong></span> <span class='ocrx_word' id='word_1_355' title='bbox 1094 4117 1232 4186; x_wconf 73' lang='lat' dir='ltr'><strong>sunguine</strong></span> 
     </span>
     <span class='ocr_line' id='line_1_43' title="bbox 122 4190 1232 4264; baseline -0.003 -18"><span class='ocrx_word' id='word_1_356' title='bbox 122 4190 265 4246; x_wconf 81' lang='lat' dir='ltr'><strong>Ausonum</strong></span> <span class='ocrx_word' id='word_1_357' title='bbox 283 4194 413 4248; x_wconf 80' lang='lat' dir='ltr'><strong>satiarent</strong></span> <span class='ocrx_word' id='word_1_358' title='bbox 440 4203 549 4262; x_wconf 84' lang='lat' dir='ltr'><strong>propter</strong></span> <span class='ocrx_word' id='word_1_359' title='bbox 575 4192 646 4264; x_wconf 85' lang='lat' dir='ltr'><strong>quod</strong></span> <span class='ocrx_word' id='word_1_360' title='bbox 665 4196 744 4248; x_wconf 86' lang='lat' dir='ltr'><strong>etiarn</strong></span> <span class='ocrx_word' id='word_1_361' title='bbox 768 4200 878 4247; x_wconf 89' lang='lat' dir='ltr'><strong>coactus</strong></span> <span class='ocrx_word' id='word_1_362' title='bbox 903 4200 947 4247; x_wconf 87' lang='lat' dir='ltr'><strong>cst</strong></span> <span class='ocrx_word' id='word_1_363' title='bbox 962 4207 1055 4249; x_wconf 81' lang='lat' dir='ltr'><strong>sursus</strong></span> <span class='ocrx_word' id='word_1_364' title='bbox 1071 4207 1121 4244; x_wconf 87' lang='lat' dir='ltr'><strong>rex</strong></span> <span class='ocrx_word' id='word_1_365' title='bbox 1139 4195 1232 4243; x_wconf 75' lang='lat' dir='ltr'><strong>sonim</strong></span> 
     </span>
    </p>
   </div>
   <div class='ocr_carea' id='block_1_5' title="bbox 0 0 1488 4825">
    <p class='ocr_par' dir='ltr' id='par_1_9' title="bbox 0 0 1488 4825">
     <span class='ocr_line' id='line_1_44' title="bbox 0 0 1488 4825; baseline 0 1"><span class='ocrx_word' id='word_1_366' title='bbox 0 0 1488 4825; x_wconf 95' lang='lat' dir='ltr'><strong> </strong></span> 
     </span>
    </p>
   </div>
  </div>
 </body>
</html>
