2967 4825
151 190 155 194 ²
230 226 327 327 tro
492 350 497 363 ι
544 245 764 321 momnis
794 238 1053 328 Aminneum
1076 186 1090 306 ¹,

253 423 341 509 γετο)
360 418 536 503 κατεσχόθη
563 415 650 502 παρά
679 417 742 483 τάν
764 414 905 500 α’γόνταν
926 402 1042 490 adedo,
1061 405 1120 485 ἕως
1141 407 1176 473 ἐκ
1198 404 1360 488 βασιλέως

254 520 425 608 πρόσταξις
451 544 497 595 τις
527 519 729 605 ἐπιφοιτήσει
757 513 793 582 τό
823 520 966 601 ποιητέον
995 513 1071 597 περὶ
1099 503 1200 574 ου’τοό
1227 501 1360 579 ἑπιτάτ.
1418 548 1425 557 ,

212 689 218 707 ,
254 623 365 691 rocoa.
407 620 476 687 dii’
496 610 570 703 ἧκον
591 620 728 713 ἡμέραις
740 611 871 701 ὕστερον
892 613 911 699 ἦ
932 612 1058 679 πόντιον
1081 610 1276 695 άθηνεστέρα
1299 607 1363 671 καί

255 724 486 812 α’ποφημοτάρσ
517 720 597 788 κατά
624 724 683 786 tori
702 718 743 786 τά
776 720 910 786 τοιαῦτα
939 713 1203 798 άεόυοτυχηκότος
1225 709 1361 794 άπάφα·

253 849 322 906 υις,
359 825 560 910 διοριζομάνη
589 820 663 899 τούς
689 818 882 908 όφθαλμοός
917 814 1030 884 κου’του
1068 812 1249 898 παραυτίκα
1285 810 1391 873 διο-5

146 1017 153 1031 x
255 928 400 1011 ρυγῆναι.

359 1028 401 1091 Τι’
419 1023 495 1114 φῄς,
519 1017 548 1089 (ό
568 1028 705 1109 βασιλεῦ
725 1020 781 1088 aar*
799 1021 828 1088 οἱ
849 1020 910 1088 σόν
935 1020 987 1088 σοὶ
1007 1016 1065 1103 τόν
1087 1020 1217 1091 άνοσιάν
1238 1009 1363 1098 βουλὴν

254 1126 579 1209 κατασκευασάμενοι.
630 1124 747 1209 άνόρός
778 1124 969 1209 ὀφθαλμοὺς
1005 1123 1107 1208 μηδὲν
1137 1114 1384 1213 α’θικησαντος,Χ

255 1215 338 1295 άλλά
367 1227 426 1312 τὴν
453 1224 574 1294 ἑαυτοῦ
594 1224 704 1311 ψυχήν
731 1226 812 1310 ὑπὲρ
844 1221 947 1309 πάσης
975 1225 1031 1315 τῆς
1058 1222 1225 1302 Ῥωμαιλυν
1246 1218 1363 1301 εάετη-

256 1330 346 1416 ριός,
373 1333 428 1394 καί
461 1337 525 1405 τοῖς
558 1328 822 1411 πολεμικωτάτοις
848 1323 972 1391 ἔθνεσιν
1002 1325 1252 1417 ἀντιταξαμένου
1273 1313 1361 1401 μετά
1373 1335 1412 1388 10

254 1434 410 1515 καρτεροῦ
425 1433 484 1495 τοῦ
500 1429 730 1512 συντάγματος,
753 1418 869 1506 ἐξόνόν
889 1428 974 1511 αὐτῷ
988 1420 1161 1496 α’κινδόνως
1173 1416 1241 1496 τοῖς
1258 1423 1364 1502 βασι-

149 1616 154 1625 ,
256 1536 350 1609 λείοις
374 1536 560 1616 προσμένειν
578 1534 633 1595 κατ’
652 1525 901 1611 στρατιατικοός
914 1526 1030 1601 πόνους
1052 1522 1108 1589 καὶ
1130 1519 1251 1609 φόβους
1274 1521 1360 1583 α’πο.

256 1630 502 1714 τινάσσεσθοιι,·ι
520 1629 640 1698 ἐκείνου
664 1618 701 1694 οὗ
723 1630 780 1694 καί
804 1626 860 1712 την
894 1624 1009 1711 οἶρετην
1029 1628 1176 1707 πολέμιος
1197 1618 1365 1695 αι’όεσθεάς

256 1732 424 1817 η’σπάσατό
447 1756 482 1798 τε
502 1736 636 1817 γνησίαις
663 1732 719 1796 καί
736 1728 837 1813 λόγων
859 1729 913 1793 καί
941 1724 1025 1793 άλιόν
1045 1726 1088 1802 σός
1109 1725 1240 1812 α’όελφηῖ
1257 1744 1364 1805 μετα-

258 1835 392 1920 δόδωκε,
424 1832 478 1899 κατ’
504 1836 679 1921 σόνθρονον
710 1831 768 1897 τόν
793 1828 997 1914 αἰχμάλωτον
1029 1826 1218 1912 ἐποιήσατο,
1239 1821 1294 1887 καί
1313 1821 1365 1897 σός
1376 1848 1413 1900 15

257 1934 382 2020 άγαθός
403 1935 512 2022 ἰατρός
534 1935 704 2023 φάρμακον
737 1930 937 1999 α’κεσοόδυνον
959 1931 1017 2008 τός
1043 1926 1196 2003 τοιαύτας
1216 1948 1366 2010 παρηγο-

259 2038 331 2120 ριάς
351 2039 395 2125 τῷ
420 2039 644 2123 φλεγμαίνοντι
663 2040 717 2120 τῆς
742 2034 844 2119 λάπης
865 2036 1028 2119 ἐπέθηκεν,
1048 2025 1130 2099 όόστε
1149 2032 1279 2125 δικαίαις
1300 2026 1367 2111 τὴν

258 2140 347 2223 νάκην
366 2138 419 2203 ὑπ’
444 2138 617 2225 1α’θλοθότῃ
640 2140 705 2226 θεῷ
735 2140 844 2219 λαβεῖν
873 2134 889 2198 ά
914 2133 1086 2210 σουλτάνος
1108 2130 1367 2217 διαγινώσκεται,

258 2238 402 2316 τοιοῦτος
425 2238 632 2322 ἀποδειχθεὶς
654 2232 841 2322 άνθρωπος,
875 2234 929 2301 κατ’
947 2238 1097 2302 τοσοῦτον
1121 2228 1212 2317 ὄγκον
1237 2226 1367 2317 φρονή-

160 2404 164 2409 .
257 2365 338 2420 στας
360 2340 416 2408 κατ’
433 2343 632 2422 άνεξικακίος
662 2337 907 2422 ἐπιδειξάμενος.
962 2335 1002 2403 σύ
1030 2338 1064 2401 δὲ
1090 2334 1126 2401 τά
1143 2332 1366 2422 προστάττεις,
1377 2346 1417 2401 20

258 2435 286 2508 d
306 2449 462 2527 βασιλεῦς
486 2438 743 2528 άποστερηθῆναι
764 2445 820 2529 aas*
838 2441 938 2507 αάτοό
960 2442 1017 2506 τοῦ
1041 2436 1148 2525 φωτός
1169 2436 1223 2504 κατ’
1237 2439 1293 2522 τῆς
1307 2438 1366 2501 de-

261 2545 394 2630 όομόνης
414 2547 502 2634 crispi
526 2543 643 2610 θεόθεν
662 2545 727 2609 τοόν
755 2539 925 2628 δρωμένων
952 2540 1171 2625 κατανοήσεως
1192 2537 1263 2604 τάνυ
1284 2539 1367 2603 τοῦ-

258 2666 313 2711 τον
323 2671 335 2728 ,·
356 2646 410 2712 τόν
431 2641 554 2731 πατρός
565 2642 619 2711 irre*
638 2643 689 2711 σοι’
701 2645 816 2730 πρᾶξιν
835 2644 986 2731 εἰληφότα
1005 2641 1060 2709 καί
1076 2641 1163 2732 νόμην
1181 2641 1238 2706 καί
1257 2639 1368 2724 τράγ-

260 2965 328 3020 rege
345 2950 496 3003 mandatum
514 2948 673 3015 deferretur,
693 2950 756 3019 quid
774 2950 802 3002 in
822 2965 882 3001 eum
899 2949 1048 3003 iaciendum
1068 2956 1153 3015 esset,
1182 2951 1294 3004 iubens:
1312 2951 1367 3003 sed

261 3023 410 3076 detumeat
430 3022 566 3075 nonnullis
584 3022 677 3076 diebus
695 3032 758 3089 post
774 3023 889 3074 omnium
912 3021 1096 3074 crudelissima
1123 3029 1150 3074 et
1174 3023 1368 3078 immanissima

261 3101 444 3159 ecunacum,
464 3093 754 3163 quitaiiapcrpessus
774 3102 839 3160 erat,
859 3093 1021 3161 declaratio,
1049 3095 1201 3162 imperans,
1230 3104 1260 3148 ut
1287 3093 1367 3147 oculi

261 3167 340 3221 huius
359 3166 493 3234 extemplo
505 3175 510 3178 ·
521 3166 708 3219 effoderentur.

362 3255 431 3320 Quid
450 3269 564 3318 censes,
593 3269 676 3323 orex
699 3262 726 3305 et
752 3254 797 3321 qui
817 3249 905 3305 tecum
925 3255 1032 3320 impirun
1051 3253 1193 3308 consilium
1215 3261 1366 3320 pararunt:

261 3325 376 3378 hominis
394 3325 486 3390 oculi,
517 3325 651 3394 quinidii
679 3326 772 3377 iniusti
792 3325 919 3389 fecisset,
950 3325 997 3377 sed
1015 3326 1192 3378 suam·vitam
1210 3339 1259 3393 pro
1290 3325 1367 3376 omni

262 3396 423 3451 Graecorum
445 3397 551 3450 iortuna
568 3398 649 3464 idque
667 3397 858 3450 inimicissimis
878 3396 985 3465 populis
1015 3398 1186 3464 opposuisset
1210 3413 1269 3448 curn
1287 3397 1366 3448 firmo

243 3466 398 3533 ‘exercitu3
419 3485 478 3521 curn
497 3470 522 3520 ei
541 3467 647 3533 liceret,
666 3469 726 3520 sine
744 3467 865 3535 periculo
878 3469 912 3519 in
923 3465 1006 3536 ‘regia
1033 3485 1162 3533 manere,
1186 3477 1214 3520 et
1232 3469 1368 3521 militares

261 3540 368 3593 labores
388 3549 416 3592 et
436 3540 560 3592 horrores
580 3547 716 3603 excutere,
735 3538 819 3603 iliius,
838 3540 914 3591 cuius
935 3541 1013 3591 etiam
1031 3541 1157 3592 virtutem
1183 3541 1268 3594 hostis
1286 3542 1368 3593 veri-

262 3619 305 3664 tus
325 3628 385 3663 eum
404 3611 543 3678 amplexus
563 3619 604 3662 est
625 3612 740 3675 sincere,
762 3618 788 3661 et
806 3626 944 3663 sermones
965 3619 993 3662 et
1009 3627 1125 3664 mensam
1144 3620 1175 3663 ut
1192 3629 1252 3664 curn
1281 3613 1368 3664 fratre

263 3683 479 3744 communicavit,
498 3689 526 3733 et
543 3682 621 3749 regni
639 3690 792 3733 consortem
811 3683 944 3748 captivum
963 3683 1087 3748 reddidit,
1107 3691 1134 3734 et
1153 3692 1277 3752 tanquam
1304 3700 1370 3736 me.

263 3754 337 3804 dicus
357 3752 442 3803 bonus
459 3752 617 3804 medicinam
636 3752 745 3805 dolores
769 3753 915 3805 lenientem
927 3753 1005 3822 *talia
1023 3753 1118 3807 solatia
1137 3758 1270 3808 aestuanti
1287 3771 1370 3808 moe-

262 3836 326 3874 rore
343 3822 478 3890 imposuit,
497 3824 534 3874 ita
551 3831 581 3875 ut
609 3824 668 3876 iure
692 3824 831 3876 victoriam
857 3825 906 3876 deo
934 3827 1052 3892 praemia
1079 3827 1240 3894 disponente
1267 3842 1371 3896 repor-

263 3901 335 3948 tasse
355 3893 475 3947 sultanur
495 3905 681 3963 cognoscatur,
699 3895 762 3948 talis
779 3895 928 3949 declaratus
949 3897 1037 3962 homo,
1060 3905 1087 3949 et
1114 3906 1213 3950 tantam
1242 3901 1371 3969 gravita-

264 3972 317 4017 tem
334 3967 429 4018 mentis
449 3974 476 4018 et
488 3968 634 4034 patientiae
654 3975 800 4039 ostentans.
820 3977 849 4019 tu
865 3982 941 4031 vcro,
964 3969 1026 4036 quid
1045 3970 1169 4036 imperas,
1188 3987 1247 4036 rex,
1266 3980 1296 4023 ut
1307 3971 1371 4038 pri.

263 4045 343 4089 vetur
362 4038 461 4104 etipso
482 4039 540 4090 viro
562 4048 588 4091 et
607 4040 666 4091 data
686 4041 711 4090 ei
731 4040 859 4092 divinitus
877 4040 1025 4092 videntium
1045 4043 1277 4109 coguitione‚hic
1297 4057 1392 4111 qua..

264 4106 313 4160 lia!
334 4108 379 4176 qui
397 4110 480 4175 patris
500 4117 626 4164 tuoaevo
645 4113 784 4179 negotium
803 4112 954 4176 susceperit
972 4118 998 4163 et
1017 4111 1136 4181 lege-ct,
1146 4113 1228 4180 iacto,
1244 4114 1290 4184 qui
1301 4129 1372 4183 reg.

262 4193 325 4231 nuni
344 4181 462 4234 amiserit
484 4189 511 4233 et
531 4183 579 4234 tibi
599 4183 652 4236 hoc
670 4184 833 4251 proiecerit,
865 4182 911 4250 qui
940 4198 973 4236 ex
996 4199 1114 4252 purpura
1138 4186 1260 4241 sordidus
1281 4185 1372 4239 iactus
