2967 4825
177 323 181 327 Α
263 262 341 351 llio
563 264 783 346 mouauuts
806 236 1073 343 ‘Ambitouti

264 412 411 527 τέμτνος,
432 443 490 506 ἕνα
510 436 607 522 μόνον
628 427 695 524 εἶχε
714 438 834 525 βοηθὸν
856 437 913 503 καί
932 436 1148 523 συλλήπτορα,
1169 405 1378 523 θουλτγφόρον

210 600 216 612 .
266 539 335 625 ἅμα
359 545 414 606 κατ’
444 540 619 626 στρατὴγόν
648 540 704 606 καί
733 538 872 625 ἱππότην
895 539 954 617 καί,
982 538 1083 620 δεξιὸν
1106 534 1376 625 ἀρχιστράτηγον,

264 643 321 711 τὸν
340 640 556 728 Βοτανειοὶκην
577 643 791 729 Νικηφόρον,
810 640 845 719 ἐς
867 642 993 719 πάππος
1017 635 1056 727 ἦν
1076 644 1118 729 τῷ
1137 644 1376 728 προλελεγμένιρ

152 782 156 787 ’
263 750 398 830 βασιλεῖ.
422 746 512 820 τέλος
535 746 569 808 δέ
591 746 650 807 cori
668 748 821 825 πολέμου,
842 743 922 825 papii
938 742 972 807 τέ
996 744 1297 827 καταπολεμηθῆναι
1318 742 1379 804 καί

264 847 445 932 ἡττηθῆναι
473 842 508 909 τὸ
538 847 601 911 τῶν
623 842 818 929 Βουλγάρων
851 843 944 921 ἔθνος
964 844 1027 909 ὑπὸ
1065 846 1122 929 τῆς
1143 842 1247 907 adrat
1267 842 1409 921 δεξιοῖςδ

268 940 323 1033 (ἦν
342 944 403 1031 γὰρ
426 948 600 1033 τηνικαῦτα
622 950 884 1037 τρῖπεριβλέπτιρ
914 950 978 1011 τῶν
998 949 1117 1027 βεστυῖν
1141 940 1299 1025 ἐξιιδματι
1318 966 1378 1009 τε-

266 1052 448 1134 τιμημένος,
471 1046 688 1130 ἐλαμπρύνατο
709 1051 746 1113 δέ
767 1052 823 1113 καί
842 1052 882 1136 τῇ
902 1052 963 1113 τοῦ
984 1049 1097 1123 δουκός
1119 1041 1377 1134 περιφανεστᾰτῃ

266 1150 380 1237 ἀρχῇ),
402 1146 456 1213 τὸν
475 1148 585 1233 εὐγενῆ
607 1146 662 1215 καί
685 1144 821 1235 sequtus
839 1147 1049 1234 στρατιώταις
1069 1146 1221 1234 ἐράσμιον
1242 1146 1378 1231 θνήσκει
1441 1194 1447 1209 .

266 1248 449 1334 μαχόμενος
479 1250 627 1315 θάνατον.
670 1248 865 1335 τρεψάμενος
893 1249 952 1335 γὰρ
983 1247 1058 1327 τούς
1081 1246 1297 1332 Βυυλγοὶρους,
1320 1247 1381 1311 κατ’

158 1369 165 1375 ’
268 1348 395 1416 διώκων
417 1353 451 1416 ἐν
471 1356 511 1438 τῇ
532 1349 701 1442 κλειοοέρρι
721 1355 759 1439 τῇ
778 1354 927 1442 λεγομένῃ
950 1354 1008 1417 τοῦ
1025 1348 1189 1429 Klaudiou,
1212 1350 1269 1413 οιίκ
1291 1350 1377 1415 α’νίει
1389 1362 1431 1416 10

268 1447 419 1538 σφάττυνν
442 1456 498 1516 καί
512 1452 773 1537 κατατιτρώσκειν
797 1451 921 1536 αὐτούς,
941 1450 1000 1529 tog
1016 1454 1061 1527 είς
1082 1448 1260 1535 α’κρυιρείας
1279 1448 1378 1515 α’νελ.

269 1549 348 1633 θοόν,
370 1548 451 1617 ἔνθα
474 1556 530 1617 καί
555 1547 682 1636 ἐτέρους
704 1548 788 1639 ἐώρα
810 1554 1019 1637 Βυυλγιίρους
1038 1552 1299 1639 καταφυγόντας,
1321 1554 1378 1617 ἐσ.

267 1649 359 1737 'quelq
380 1656 436 1736 τῆς
457 1649 621 1735 ἱππασίας,
644 1659 701 1716 τοῦ
722 1656 820 1717 ἵππον
851 1645 1136 1737 κατολισθῆσαντος
1158 1648 1193 1715 ἐν
1212 1653 1308 1730 πλαξέ
1325 1658 1378 1715 λι·

268 1751 377 1826 δίναις
398 1753 452 1816 καί
474 1751 533 1817 οὐν
556 1756 642 1842 αὐτῷ
663 1756 999 1839 κατακρημνισθέντος,
1022 1748 1101 1817 ὥστε
1124 1753 1378 1836 καταπλαγέντας

267 1849 342 1928 toric
362 1855 523 1930 ἐναντίους
556 1854 612 1938 τήν
643 1859 877 1942 α’νυπέρβληιον
909 1852 1010 1941 ὁρμὴν
1040 1860 1097 1920 τοῦ
1132 1855 1248 1938 ἀνδρός
1265 1860 1378 1940 μηκέιι
1389 1870 1429 1927 15

268 1959 335 2029 τοῖς
352 1947 528 2035 Ῥωμαίοις
558 1960 716 2040 τολμῆσαι
757 1959 802 2031 εἰς
830 1964 943 2041 χεῖρας
974 1960 1100 2038 ἐλθεῖν,
1132 1949 1212 2020 istd
1234 1954 1288 2021 τόν
1314 1959 1378 2037 μὲν

184 2122 187 2128 ,
270 2045 413 2136 ἄρχοντα
435 2057 568 2133 τούτων,
582 2056 732 2142 Σαμοαῆλ
750 2056 1052 2144 κατονομοζόμενον,
1066 2056 1243 2141 ου’ντρομον
1262 2066 1379 2143 φυγεῖν

269 2152 326 2215 καί
347 2155 523 2219 α’ποθανεῖν
544 2160 636 2243 ἐντῷ
656 2163 763 2245 λιμνίρι
783 2158 867 2247 νήσῳ
889 2162 945 2241 τῆς
959 2161 1128 2243 lucunas,
1148 2156 1222 2235 τούς
1247 2162 1282 2224 δέ
1306 2164 1378 2221 λοι-

268 2255 349 2329 πούς
373 2248 518 2338 ,ἅπαντας
557 2254 945 2335 δυοσπὸνδους’ἐαυτοὺς
972 2261 1147 2344 ἐγχειρίσαι
1175 2262 1219 2347 τῷ
1249 2264 1382 2342 βασιλεῖ

189 2344 196 2360 “
269 2353 325 2420 καί
344 2359 492 2440 γενέσθαι
520 2357 654 2436 δούλους
682 2363 723 2424 δι’
748 2358 867 2447 ἀρετὴν
888 2354 957 2436 ἐνὸς
980 2360 1097 2446 α’νδρὸς
1118 2366 1174 2427 καί
1195 2362 1428 2449 petrosim-20

271 2479 324 2531 τος
342 2457 489 2541 μέγεθος.

269 2573 276 2578 “
370 2560 455 2624 Ἐπεί
472 2568 525 2626 καί
549 2560 565 2624 ὅ
587 2561 699 2627 κου’του
723 2560 793 2638 υἱὸς
817 2565 975 2648 Μιχαὴλ,
996 2565 1102 2652 πατὴρ
1126 2567 1185 2630 τοῦ
1207 2567 1378 2648 βασιλέας,

270 2663 352 2746 μέγα
369 2685 400 2725 τι
424 2663 479 2725 καί
502 2661 756 2747 ὑπεράνθρωπον
786 2667 963 2745 ἐνεδείξατο
987 2671 1153 2753 καρτερίας
1182 2669 1237 2732 καί
1257 2668 1378 2752 α’νδρα-

271 2947 377 3028 positus
403 2965 430 3010 et
456 2958 694 3015 innumerabilibus
716 2959 853 3017 laboribus
881 2955 908 3016 et
934 2965 1013 3020 aruris
1033 2965 1170 3035 expositus
1188 2983 1268 3021 unum
1286 2967 1378 3022 solum

270 3029 388 3082 habebat
405 3023 555 3084 socium'et
572 3033 728 3099 adiutorem,
753 3035 934 3088 consiliarium
954 3038 1032 3091 simul
1052 3048 1078 3090 et
1097 3041 1191 3092 ducem
1212 3049 1239 3092 et
1257 3042 1377 3110 equitem

271 3110 300 3154 et
319 3103 438 3154 dextrum
457 3103 653 3170 imperatorem,
672 3105 838 3160 Botauiatam
856 3108 1051 3176 Nicephorum,
1070 3113 1117 3180 qui
1135 3127 1202 3166 avus
1222 3121 1278 3165 erat
1296 3122 1378 3166 antea

271 3175 344 3227 dicto
362 3177 430 3243 regi.
481 3175 509 3226 iu
531 3176 584 3227 line
609 3185 698 3228 autern
722 3178 789 3231 belli
808 3188 948 3248 postquam
972 3181 1121 3234 debellatus
1147 3192 1189 3236 est
1207 3192 1238 3236 et·
1252 3185 1377 3238 deuictus

269 3245 446 3314 bulgarorum
466 3247 581 3314 populus
601 3250 658 3301 eius
676 3258 785 3302 strenua
804 3253 919 3316 actione,
949 3256 1110 3321 (eratenim
1129 3263 1184 3306 tum
1203 3255 1303 3308 illustri
1322 3273 1376 3309 ve-

270 3318 422 3371 stiariorum
440 3319 570 3385 dignitate
588 3329 697 3373 ornatus
718 3330 746 3373 et
763 3322 920 3388 splendebat
940 3327 1018 3376 etiam
1039 3327 1114 3380 ducis
1131 3327 1293 3394 amplissimo
1314 3345 1377 3382 rua-

270 3390 398 3458 gistratu)
426 3389 544 3441 nobilem
573 3399 599 3442 et
619 3395 692 3444 veris
710 3393 840 3446 militibus
864 3395 988 3448 dilectam
1021 3396 1092 3464 subit
1110 3415 1232 3468 pugnans
1251 3409 1375 3452 mortem.

270 3468 411 3528 postquam
431 3462 500 3512 euim
519 3464 602 3514 vertit
613 3464 746 3532 bulgaros
767 3474 793 3517 et
809 3482 975 3535 persequens
994 3468 1021 3520 iu
1039 3471 1169 3538 angustiis
1189 3487 1258 3539 quae
1276 3473 1377 3524 dicun.

271 3539 315 3583 tur
334 3531 454 3597 clidius',
485 3548 531 3586 eos
550 3551 604 3586 non
626 3536 766 3589 desinebat
790 3539 937 3592 occidendo
962 3549 988 3594 et
1013 3541 1179 3594 vulnerando
1205 3558 1267 3609 eos,
1287 3546 1376 3598 donec

272 3604 303 3662 in
319 3619 395 3655 arces
414 3618 552 3672 egressus,
582 3622 633 3674 quo
654 3609 732 3659 etiam
750 3610 818 3662 alios
844 3611 952 3664 videbat
970 3612 1101 3682 Bulgaros
1119 3613 1290 3682 confugisse,
1311 3616 1376 3682 lap.

275 3690 319 3726 sus
341 3682 381 3725 est
401 3675 557 3742 equitando,
584 3693 653 3744 equo
678 3679 782 3746 dilapso
803 3682 830 3732 in
849 3683 919 3751 iugis
946 3685 1048 3738 saxosis
1075 3693 1179 3737 etcum
1202 3702 1234 3736 eo
1256 3688 1375 3752 deiecto,

273 3746 312 3795 ita
328 3752 358 3794 ut
377 3746 523 3796 adversarii
551 3749 692 3815 stupelaoti
713 3753 889 3818 insuperabili
915 3756 1015 3823 impetu
1027 3757 1086 3808 'viri
1110 3772 1164 3809 uon
1184 3758 1296 3826 amplius
1315 3759 1376 3810 llo-

273 3815 357 3866 mauis
376 3816 505 3868 auderent
529 3819 561 3871 ad
585 3836 676 3873 manus
694 3826 798 3889 venire,
828 3827 874 3878 sed
893 3827 945 3878 dux
972 3827 1064 3879 horum
1085 3829 1191 3882 Samuel
1211 3831 1297 3882 dictus
1315 3840 1375 3883 tre.

272 3901 347 3938 meus
367 3887 475 3956 lugeret
498 3898 525 3941 et
553 3901 702 3945 moreretur
728 3897 756 3946 in
775 3897 887 3965 palustri
920 3899 1007 3951 insula
1025 3899 1139 3968 Prespa,
1165 3901 1265 3971 reliqui
1284 3912 1376 3954 autern

272 3972 364 4010 omnes
388 3958 523 4015 subiectos
550 3980 579 4016 se
596 3966 757 4032 praeberent
781 3971 839 4037 regi
869 3977 896 4020 ct
914 3970 1009 4022 luerent
1027 3976 1099 4024 servi
1118 3981 1227 4039 propter
1246 3976 1375 4026 virtutem

200 4100 202 4104 ι
272 4031 350 4083 unius
373 4033 424 4084 viri
445 4041 471 4084 et
489 4032 635 4089 nobilitatis
654 4041 871 4108 magnitudinem.

372 4121 591 4192 Quandoquidem
616 4129 695 4178 etiam
714 4128 792 4182 huius
811 4129 882 4183 lilius
901 4131 1025 4196 llichael,
1044 4123 1119 4200 p'atcr
1137 4135 1228 4203 regis,
1248 4149 1374 4204 magnum

205 4227 207 4235 ,
273 4189 383 4262 aliquod
402 4201 429 4244 et
445 4195 557 4252 immane
575 4199 691 4253 ostendit
702 4202 848 4268 patientiae
864 4211 891 4255 et
909 4202 1070 4260 fortitudinis
1089 4213 1181 4260 contra
1199 4207 1373 4262 adversarios
