2967 4825
263 269 319 351 tt
553 257 771 347 utentum
791 274 1062 349 ⁴institutores
1118 352 1128 367 ,

262 436 374 519 δευτός
395 464 430 510 τε
458 444 543 529 φημί
570 435 774 509 καίΠάνιον
792 438 848 508 καί
874 439 953 509 αότό
981 440 1220 530 Μαριόφατον,
1246 441 1291 521 τός
1309 448 1366 511 καί

179 621 181 628 Ι
262 546 345 629 μέρη
365 543 521 627 τογόνίξ
552 544 651 627 ενέἤς
674 538 864 629 tussisque
894 545 1117 630 α’νατραπῆναι
1138 544 1193 611 καί
1211 548 1362 623 πλείστας

248 646 377 725 ὀίκελες,
397 646 454 712 καί
466 643 566 731 φόνον
582 646 787 729 ἐπιγενέσθαι
800 650 936 720 πολλοῖς.
978 647 1014 711 όν
1035 648 1070 713 δὲ
1092 649 1135 735 τῷ
1147 645 1361 737 Ἑλλησπόντῳ

264 739 284 830 ἦ
309 744 459 827 Κύζικος,
483 742 577 813 tutes
598 744 657 813 καί.
673 740 707 811 τό
725 745 761 811 όν
774 739 857 833 ου’τγῙ
873 745 1051 831 Ἑλληνικόν
1071 746 1158 830 ἱερόν
1173 749 1364 831 κατεσείσθη

215 874 224 889 ·
262 846 320 914 καί
339 848 384 936 τῷ
397 844 534 936 πλείστῳ
548 848 641 930 μίρει
657 848 819 927 κατέπεσε,
836 849 985 931 μέγιστον
998 838 1034 913 όν
1051 852 1165 936 χρῆμα
1184 844 1264 930 πρός
1284 850 1391 915 dinco

262 949 307 1018 δι’
327 945 510 1033 ὀχυρότητα
529 947 587 1015 καί
607 948 702 1013 λίθον
727 948 785 1011 τοά
807 951 975 1015 καλλίστου
994 972 1028 1015 τε
1048 948 1103 1017 καί
1118 953 1267 1033 μεγίστου
1288 973 1364 1033 rep·

265 1047 437 1134 κατωτάτην
467 1047 624 1133 άρμονίαν
654 1072 688 1115 τε
712 1047 768 1117 καί
797 1049 1006 1136 α’νοικοόομην
1025 1050 1081 1119 καί
1101 1043 1208 1134 όψους
1227 1052 1285 1117 καί
1303 1074 1367 1135 μο-

266 1154 382 1236 γλθονς
406 1148 582 1235 διόριιειαν.
952 1232 954 1238 Ι

359 1250 438 1321 'Aut
461 1249 529 1319 τότε
552 1254 587 1319 st
608 1256 664 1321 καί
681 1256 797 1338 μέχρις
811 1256 963 1321 ἐνιαυτοῖν
985 1252 1044 1323 όόο
1058 1252 1217 1340 σποράδες
1231 1256 1367 1342 ε’ποριοί-

262 1376 326 1425 των
345 1351 472 1436 σεισμοί
499 1352 785 1442 κατάόιαφοροός
816 1356 953 1440 καιρούς.
1005 1358 1061 1423 καί
1086 1351 1123 1423 τό
1155 1358 1284 1439 θάμβος
1304 1362 1410 1438 sci-10

261 1477 369 1541 γιοτον
389 1448 465 1523 ὅσον
485 1462 675 1542 ποριεγιλιετο
690 1465 754 1535 τοῖς
765 1462 909 1544 βροτοῖς.
951 1450 1033 1543 ἦσαν
1051 1457 1110 1546 γάρ
1136 1480 1219 1535 τινες
1241 1455 1364 1546 ἔξωροι,

262 1558 296 1627 οῖ
315 1554 521 1642 παρεοικότας
549 1559 701 1643 οεισμοάς
729 1566 774 1652 τῷ
805 1562 940 1652 μεγίστην
971 1561 1030 1626 όάο
1051 1563 1229 1649 deipnos,
1253 1558 1284 1627 oi
1305 1566 1365 1645 peis

260 1658 372 1728 τοάτον
391 1655 422 1724 οἱ
440 1662 471 1725 δ’
492 1661 630 1738 ίκείνονς
648 1660 728 1729 κατά
748 1666 914 1749 σύγκρισιν
937 1660 1174 1748 άπεραίροντες.
1219 1662 1275 1729 καί
1298 1690 1364 1730 ποι-

261 1764 537 1846 pessumeuntem
559 1761 630 1829 τότε
650 1765 694 1828 δι’
711 1764 842 1850 ἦμεριόν
864 1761 1100 1851 τεσσαράκοντα
1123 1768 1179 1833 καί
1198 1763 1242 1851 μη
1264 1769 1365 1833 πλείιο

260 1866 396 1945 βραχεῖς
416 1862 505 1942 τινός
527 1871 783 1955 προσεπίφερου·
806 1866 842 1932 τό
866 1864 976 1933 dirimi
999 1869 1124 1943 διετοῦς
1147 1865 1268 1953 χρόνον
1289 1874 1409 1934 eto-15

263 1967 390 2031 νεῖσθαι
417 1965 475 2049 τὴν
507 1970 564 2051 γῆν
592 1971 690 2037 πόσιν
716 1963 956 2054 ἀμνημόνευτον
983 1962 1023 2053 ἦν
1054 1967 1110 2035 καί
1134 1970 1209 2055 μηδ’
1242 1972 1366 2061 ἱστορίᾳ

264 2064 466 2153 περιληπτόν.
518 2067 674 2153 tiramni
706 2068 767 2154 γάρ
797 2074 873 2157 περί
898 2075 955 2137 τοῦ
981 2070 1015 2138 όν
1045 2080 1116 2147 ταίς
1140 2067 1276 2157 ἦμίραις
1304 2074 1365 2137 τοῦ

266 2168 488 2241 immineret
508 2172 746 2256 συμβεβηκότος
766 2176 900 2255 σεισμοῦ
920 2172 1098 2261 γεγραφοός,
1127 2176 1183 2239 καί
1202 2178 1367 2260 καταπλη-

267 2268 375 2339 κτικόν
401 2272 511 2339 scitos
541 2272 597 2340 καί
628 2277 774 2358 μέγιστον
802 2274 1067 2360 συγγραψάμενος
1104 2275 1148 2351 τός
1177 2279 1233 2341 καί
1259 2274 1369 2353 κίονας

259 2370 684 2460 tempestuosorum&
713 2377 774 2444 rori
804 2374 891 2444 οἴκου
924 2374 1003 2464 πρός
1029 2374 1159 2464 λ’τερον,
1187 2376 1263 2456 τοός
1283 2379 1412 2461 metuo

188 2519 190 2524 -
260 2476 362 2538 ταῦτα
390 2474 529 2561 τρόμους
563 2475 731 2552 ἐλάττονας
759 2471 838 2565 άχρι
867 2483 1206 2566 τεσσαρακονθημίρου
1235 2483 1290 2546 καί
1316 2481 1361 2567 μη

259 2577 437 2660 περαιτέρω
451 2578 610 2664 προβῆναι
623 2575 778 2665 ἱστόρηκε.
798 2577 879 2662 μετά
896 2581 933 2669 di
947 2578 1005 2665 τὴν
1015 2583 1144 2664 taceres,
1159 2585 1294 2666 σεισμοῦ
1306 2605 1364 2667 γε-

310 2755 359 2846 ,β
376 2759 466 2883 rozir
492 2756 633 2825 tuetur
649 2758 792 2828 interpres.
912 2759 939 2814 6.
966 2759 1139 2834 ὀχυρότητος
1160 2723 1218 2816 (λ.
1317 2763 1360 2815 12.

333 2844 399 2885 οοοι
440 2864 450 2883 .
872 2871 875 2875 .

260 2984 291 3032 nt
309 2977 388 3032 etium
406 2984 496 3046 partes
514 2994 549 3035 ex
565 2979 633 3048 ipsis
652 2979 830 3036 fondumentis
849 2986 1036 3036 everterentur
1055 2988 1083 3034 et
1099 2979 1232 3050 plurimus
1249 2980 1361 3048 domus,
1383 3038 1390 3050 Ι

262 3057 289 3103 et
314 3049 409 3102 caedes
439 3049 523 3104 multu
547 3051 672 3106 oriretur.
722 3053 751 3104 in
778 3053 956 3121 Hellesponto
984 3061 1073 3106 sutem
1099 3052 1225 3121 Cynicus,
1254 3054 1360 3122 quondo

260 3122 341 3174 etiem
361 3120 492 3175 Graccum
509 3126 537 3178 in
557 3140 589 3178 οκ
607 3125 735 3193 templum
754 3141 913 3178 concussum
932 3134 974 3180 est
993 3134 1020 3178 ct
1036 3126 1176 3178 meximam
1200 3132 1284 3177 artem
1310 3125 1361 3176 de.

260 3194 340 3246 cidit:
361 3195 500 3246 maximum
519 3197 675 3264 spectaculo
699 3207 810 3267 propter
835 3199 983 3252 firmitatem
1012 3205 1039 3249 et
1063 3195 1159 3265 lapidis
1184 3197 1361 3265 pulcherrimi

261 3274 288 3317 et
305 3266 410 3318 maximi
435 3267 514 3320 velte
533 3270 705 3322 artificiosam
725 3272 950 3324 constructionem
971 3277 998 3321 et
1017 3269 1229 3322 aedificationem
1248 3277 1276 3320 et
1293 3267 1359 3320 ulti.

259 3337 359 3390 tudinis
379 3341 624 3410 magnitudinisque
643 3342 840 3396 sufficientiam.

365 3427 430 3480 ludo
455 3436 544 3480 nutem
575 3437 602 3481 et
627 3446 675 3496 pcr
702 3446 786 3483 nunes
805 3432 855 3482 duo
881 3430 979 3497 passim
997 3429 1149 3482 incidebant
1166 3435 1255 3481 terrse
1273 3436 1362 3483 motus

257 3498 374 3550 diversis
393 3500 572 3565 temporibus:
592 3508 621 3552 et
640 3510 734 3568 stupor
753 3519 830 3571 quum
850 3503 977 3554 maximus
998 3499 1106 3554 obortus
1128 3509 1170 3554 est
1187 3499 1361 3554 mortalibusz

260 3576 335 3622 erent
359 3571 429 3622 enirn
454 3572 560 3638 quidem
579 3575 741 3642 pergrandes
762 3582 825 3625 natu
846 3575 891 3642 qui
915 3572 1015 3626 similes
1034 3574 1146 3625 maximo
1165 3581 1254 3625 terrae
1273 3582 1362 3626 motus

258 3641 325 3692 duos
343 3641 512 3707 referebant,
537 3644 584 3696 elii
604 3644 684 3709 bunc,
706 3645 753 3696 elii
773 3646 836 3698 illos
856 3646 1054 3712 comparatione
1074 3645 1235 3707 efferentes,
1265 3653 1292 3696 et
1312 3661 1361 3696 se.

259 3721 335 3763 cutos
361 3727 422 3765 esse
444 3722 499 3764 tum
523 3713 647 3781 per'dies
672 3716 846 3785 quadraginta
869 3733 957 3785 neque
982 3716 1094 3784 amplius
1114 3717 1212 3770 breves
1233 3717 1362 3784 quosdam

258 3783 437 3836 adiiciebant:
465 3787 535 3853 quod
558 3795 645 3838 sutem
667 3804 716 3856 per
733 3789 869 3840 biennium
889 3788 1039 3840 turbaretur
1058 3796 1147 3853 terra,
1168 3788 1289 3841 omnibus
1307 3790 1374 3840 im-v

257 3862 429 3907 memoratum
448 3865 520 3920 erut,
539 3873 591 3910 nec
608 3858 720 3912 historin
737 3863 843 3928 quidem
869 3859 1095 3927 comprehensum.
1134 3859 1263 3929 Agathino
1289 3861 1362 3912 enim

259 3929 304 3994 qui
326 3927 359 3977 de
385 3935 565 3982 terraemotu
593 3933 757 3998 temporibus
776 3933 915 3986 iustiniani
941 3933 1012 3984 iacto
1031 3933 1138 3999 scripsit
1163 3941 1191 3984 et
1208 3931 1359 3983 terribilem

257 3999 327 4050 bunc
346 4007 373 4050 et
391 4002 530 4053 maximum
551 4002 636 4056 luisse
653 4005 775 4068 tradidit,
796 4013 824 4056 ut
844 4006 923 4057 etism
949 4003 1089 4056 columnae
1105 4004 1138 4056 eb
1160 4004 1212 4056 ulit
1230 4003 1361 4054 edulium

257 4070 362 4122 domum
384 4070 586 4138 distinerentur,
604 4072 734 4129 'tremitur
753 4083 849 4144 posteu
868 4077 952 4128 tectos
973 4075 1114 4128 breviores
1135 4091 1220 4144 usqne
1238 4075 1271 4127 sd
1289 4090 1361 4142 quu-

256 4141 379 4211 drngintu
405 4143 462 4196 dies
486 4160 574 4213 neque
601 4146 714 4214 amplius
740 4163 899 4218 progressos
918 4163 978 4216 esse
994 4149 1121 4201 narrarit.
1143 4153 1206 4216 post
1222 4147 1362 4199 biennium

257 4221 346 4272 nutem
370 4221 459 4273 term
481 4224 554 4273 motu
581 4217 652 4271 lucto
676 4221 777 4273 maiore
802 4221 916 4289 posteris
937 4219 1130 4291 frequentibus,
1150 4221 1252 4274 minore
1271 4226 1363 4272 autem

536 4343 545 4372 λ
