2967 4825
543 250 751 321 msroam
1032 221 1044 245 ’
1132 227 1207 327 sss

115 419 190 503 λαιῇ
218 418 274 482 καί
300 418 427 499 δεσμοῖς
463 418 517 485 διά
537 420 571 487 τό
599 410 656 488 καί
673 421 734 508 πρὸ
766 421 893 509 ἧμεροδν
925 426 1020 489 τινῶν
1040 423 1208 509 άλωθῆναι

114 518 287 602 φυχαδείαν
309 514 457 600 ἑλόμενον
477 524 533 587 ἐπί
552 528 595 613 trgi
624 523 703 610 πρὸς
729 522 785 590 τόν
810 522 1044 610 Βοταννειάτην
1067 528 1208 607 advorto-

113 622 202 702 λῆσοι
225 620 263 706 τῇ
287 616 412 708 Λάμπχι
435 624 682 711 ἐνδιατρίβοντα,
704 623 893 711 ἠναγκάσθη
914 624 984 691 τότε
1005 622 1022 688 o‘
1044 627 1207 714 βασιλεύς,

112 721 170 785 τάν
194 717 391 803 πραγμάτων
420 717 526 809 ὥσπερ
560 727 728 812 ῥευμάτων
759 727 941 793 θαλαττίων
972 729 1208 810 ἐπικεχυμένων

88 820 209 908 itarital,
240 820 361 905 βοηθόν
392 825 448 890 τδν
479 818 580 911 άνδρα
604 827 669 893 καί,
682 829 885 914 συλλήπτορα
908 833 1108 913 προσλαβεῖν.
1152 831 1208 915 τῆς

111 916 165 988 σάν
186 929 334 1010 φρουροῖς
356 923 453 992 αάτδν
473 925 605 1009 ἐξελών,
630 931 684 995 καί
705 937 831 1008 πολλοῖς
858 929 939 1015 πρὸς
962 927 1058 997 αὐτὸν
1081 934 1207 1012 ἐπαχω-

108 1033 170 1106 χοῖς
191 1023 393 1112 χρησάμενος
413 1028 545 1117 ῥήμασι,
567 1032 623 1097 καί
643 1035 820 1118 άμνηστίαν
840 1034 903 1097 τάν
922 1036 1083 1118 προτέρων
1105 1056 1205 1098 κατοι-

108 1124 275 1208 σκευάσας,
296 1131 352 1192 καί
370 1136 501 1208 πολλαῖς
521 1131 714 1215 ὑποσχέσεσι
734 1136 790 1197 καί
811 1132 928 1217 δώροις
948 1131 1003 1197 καί
1020 1140 1127 1215 τιμαῖς
1148 1158 1204 1199 κα.

107 1225 289 1308 ταμαλάξας
311 1228 370 1311 τὴν
389 1228 502 1296 τούτου
525 1233 653 1317 ψυχήν,
683 1233 739 1299 καί
758 1231 837 1317 πρός
857 1226 985 1298 εάνοιαυ
1004 1237 1206 1313 μεταθέσθαι

70 1331 161 1405 tonat
178 1330 285 1394 πίστιν
305 1332 550 1413 παρασκευάσας
566 1333 758 1421 άπάρπητον,
781 1339 826 1407 είς
847 1332 905 1419 τήν
926 1333 1006 1400 ιιατά
1029 1337 1092 1400 ταῖν
1113 1339 1207 1403 ἐναν-

105 1434 179 1496 τίων
211 1432 461 1551 ἀντιπαράταξιν
492 1438 704 1521 διηυτρέπισε.
757 1462 808 1501 και
839 1438 900 1501 α’πὸ
926 1462 988 1501 των
1009 1439 1125 1519 τειχιὸν
1145 1440 1205 1519 μὲν

105 1535 317 1617 διαλεχθῆναι
341 1536 494 1619 πρότερον
526 1548 591 1614 τοῖς
621 1541 753 1604 συνοῦσι
776 1540 935 1661 Φράχχοις
969 1564 1017 1629 τῳ
1040 1543 1206 1659 Βρυεννίιρ

104 1637 290 1717 πεποίηκεν,
309 1637 352 1710 oie
375 1638 417 1699 δι’
439 1638 495 1702 orla
516 1633 622 1704 ἐπεισε
642 1637 774 1717 τούτους
798 1639 853 1705 καί
873 1641 1079 1726 προυχώρουν
1102 1642 1148 1716 εἰς
1165 1638 1202 1704 τά

106 1734 206 1799 ὀπίσω
227 1732 306 1818 πρδς
328 1737 372 1802 τοὶ
402 1740 456 1822 τῆς
487 1736 624 1825 ἑσπέρας
645 1737 874 1826 ἐνδότερα,“
854 1770 872 1826 η
897 1766 930 1805 τε
951 1741 1043 1828 φήμη
1067 1741 1206 1826 προσήχ-

56 1841 187 1918 ἰςχειλε
207 1836 262 1902 τδν
290 1842 349 1903 τοῦ
368 1844 546 1924 Βρυεννίου
579 1842 781 1929 αὐτάδελφον
810 1846 1000 1932 α’φυλάκτως
1027 1841 1116 1917 ἐντὸς
1147 1844 1207 1907 τοά

106 1935 242 2020 Ἀθάρος
273 1940 484 2024 ἐπισκηνοάν,
515 1941 711 2024 συμβούλιον
741 1946 863 2027 χέχονεν
896 1946 1041 2009 ἐπελθεῖν
1063 1942 1154 2032 αάτφῖ
1173 1942 1206 2021 ἐξ

27 2069 28 2078 ¹
104 2042 242 2124 derideo,
264 2045 512 2126 στρατηχοέντος
539 2046 595 2109 τοῦ
617 2046 776 2129 προέδρου
795 2044 939 2123 Ἀλεξίου
971 2042 1032 2110 σάν
1053 2048 1096 2132 τῷ
1113 2040 1207 2110 Ῥου-

104 2147 219 2230 σελίφ,
251 2140 329 2223 μετά
367 2146 427 2207 τῶν
457 2141 491 2208 ἐν
518 2148 558 2231 τῇ
586 2148 730 2226 βασιλίδι
759 2147 968 2228 σιρατιωτάν.
1012 2140 1119 2229 ὅρκοις
1150 2138 1208 2209 οὖν

105 2242 422 2329 φρικωδεστάτοις
384 2271 423 2310 τα
437 2270 531 2311 πιστα
523 2245 689 2320 δεδωκάς
699 2266 741 2332 τφ
726 2244 908 2327 βασιλεῖ’
892 2272 907 2309 o
927 2248 1135 2325 Ῥουσὲλιος’
1119 2270 1153 2309 εν
1167 2248 1210 2365 τρῖ

67 2346 313 2435 χοπανσεβάστφ
336 2371 420 2436 σηκφ
444 2372 506 2413 των
522 2349 719 2431 Βλαχερνων
742 2347 831 2436 αὐτῷ
852 2348 1076 2432 συνδυάσαντι,
1098 2366 1241 2424 νυκτοςι
1254 2366 1346 2424 χχχι
1416 2429 1419 2434 y

106 2452 220 2534 ἐξῆλθε
249 2452 305 2528 τῆς
334 2448 485 2526 πόλεως.-
501 2445 642 2515 Ῥωσικά
676 2452 711 2514 δὲ
735 2456 849 2529 πλοῖα,
876 2447 935 2534 τὴν
960 2447 1022 2513 α’πό
1046 2448 1218 2536 θαλάσσης

106 2553 367 2634 παραχχελθέντα
389 2553 535 2616 ἐπίθεσιν
538 2554 711 2637 ,συνθημα
731 2555 893 2634 παρέσχον
915 2559 981 2625 τοῖς
1001 2553 1068 2616 κατ’
1081 2543 1211 2636 ἤπειρον

105 2651 336 2737 στρατιώταις,
370 2654 410 2716 ἵν’
440 2605 658 2739 dudotlireoot
685 2647 752 2734 ἅμα
786 2655 830 2739 τῷ
850 2652 972 2738 Ἀθέρα
995 2651 1211 2740 προσβάλωσι,

108 2960 257 3011 enimcum
279 2959 308 3010 in
328 2959 448 3011 custodia
468 2958 656 3029 otviuculis,
677 2961 739 3028 quia
766 2960 844 3011 etiam
872 2959 966 3018 diebus
993 2958 1131 3012 nonnullis
1150 2965 1212 3012 ante

107 3031 292 3100 deprehensus
313 3039 370 3082 erat
390 3031 479 3099 lugam
502 3030 605 3099 eligens
624 3039 654 3082 ut
672 3032 878 3084 adssotaniatam
899 3031 1080 3100 transfugeret
1098 3031 1213 3098 Lampas

105 3111 269 3186 versantem,
290 3111 396 3155 coactus
416 3111 457 3155 est
475 3111 530 3154 tum
543 3119 601 3166 rex,
624 3103 703 3154 rebus
722 3106 846 3170 tauquam
866 3102 990 3154 fluctibus
1006 3103 1085 3154 meris
1104 3103 1212 3154 irruen-

106 3174 203 3226 tibus'
196 3191 224 3226 ru
244 3191 313 3238 eum,
333 3174 505 3227 auxiliantem
523 3176 609 3226 virum
636 3183 663 3225 et
681 3176 783 3226 socium
807 3174 944 3226 adbibere
990 3173 1111 3224 custodia
1128 3173 1213 3240 igitur

107 3263 166 3299 enm
188 3248 307 3298 eximens
320 3256 354 3298 et
371 3247 461 3300 multis
477 3264 542 3316 erga
559 3263 618 3297 eum
637 3246 820 3298 allicientibus
838 3261 902 3298 usus
921 3245 1022 3309 verbis,
1043 3252 1070 3296 et
1090 3243 1211 3295 oblivio.

106 3335 166 3370 nem
185 3319 305 3385 priorum
324 3320 466 3372 instituens
486 3328 512 3370 et
529 3317 619 3370 maltis
638 3319 775 3385 promissis
809 3325 835 3369 et
853 3318 929 3370 donis
949 3324 975 3368 et
994 3314 1140 3368 honoribus
1160 3315 1210 3366 de-

106 3390 227 3443 mulcens
247 3389 326 3442 huius
345 3391 460 3442 animum
486 3399 512 3442 et
532 3393 564 3444 ad
587 3389 806 3442 benevolentiam
832 3398 940 3441 vertere
960 3397 986 3440 et
1005 3389 1083 3440 fidem
1101 3387 1210 3438 studens

106 3461 296 3514 immutabilem
316 3464 409 3513 ordino
430 3472 523 3514 contra
542 3463 633 3514 hostes
659 3463 783 3529 opposito
814 3477 872 3512 eum
894 3461 1028 3524 iustruxit,
1049 3467 1076 3510 et
1095 3473 1110 3509 e
1128 3458 1210 3510 muris

107 3533 227 3602 colloqui
248 3541 328 3584 antee
346 3549 404 3584 cum
425 3534 546 3601 Frangis,
568 3535 613 3601 qui
634 3549 692 3583 cum
703 3534 840 3609 Bryennio
861 3540 944 3595 erant,
968 3547 1027 3582 eum
1044 3531 1130 3583 iussit.
1152 3543 1211 3581 cnm

107 3615 196 3657 autem
214 3619 268 3656 non
289 3606 463 3670 persuaderet
480 3605 521 3656 his
543 3614 570 3656 et
593 3593 822 3673 progrederentur
843 3604 883 3657 od
903 3604 1044 3656 interiores
1065 3602 1211 3654 occidentis

107 3686 198 3744 partes
218 3686 245 3728 ct
264 3676 334 3728 fama
357 3679 510 3741 nuntiaret,
535 3676 666 3742 Bryeunii
688 3678 796 3729 fratrem
816 3673 968 3727 inconsulto
995 3673 1064 3726 intra
1082 3673 1232 3739 Athyrem'

108 3751 222 3811 versari,
241 3749 384 3800 consilium
401 3749 554 3809 factumest
569 3750 744 3816 aggrediendi
759 3764 818 3800 eum
836 3749 947 3814 impetn,
967 3747 1113 3814 imperante
1130 3759 1211 3812 prue-

109 3823 167 3874 side
186 3787 285 3889 Alexio
307 3829 334 3872 et
352 3820 465 3895 Rusclio
492 3836 551 3870 cum
569 3820 714 3884 militibus,
736 3822 781 3888 qui
807 3821 834 3871 in
854 3820 920 3871 urbe
942 3825 1025 3882 erant
1064 3817 1212 3869 iaribnsin.

108 3893 197 3945 randis
217 3908 287 3961 ergo
305 3886 470 3961 gravissimis
489 3893 566 3943 fidem
592 3900 730 3959 postquam
756 3892 828 3944 dedit
846 3893 905 3958 regi
923 3888 1074 3943 Rusclins'
1067 3905 1095 3940 m
1112 3887 1211 3954 templo

107 3964 316 4017 Bltcbernarum
340 3965 454 4016 maxime
483 3962 633 4016 venerabili
659 3979 717 4013 cum
747 3976 779 4012 eo
805 3976 951 4028 congresso
980 3969 1061 4012 noctu
1088 3974 1212 4028 egressus

109 4046 148 4088 est
166 4036 248 4088 urbe.
267 4035 366 4089 llosica
385 4044 473 4087 autem
491 4037 601 4103 navigia
620 4034 778 4086 maritimum
797 4034 921 4098 impetum
939 4033 1089 4085 nuntiantia
1108 4032 1212 4100 siguum

108 4109 288 4174 praebuerunt
300 4108 432 4160 militibus
450 4108 478 4158 iu
498 4107 648 4159 continenti
668 4106 829 4169 constitutis,
848 4110 878 4155 ut
895 4119 973 4156 mana
992 4103 1070 4157 simul
1083 4104 1212 4171 Athyrem

107 4181 329 4252 aggrederentur,
350 4189 430 4248 atquo
450 4180 621 4234 includentes
634 4176 816 4232 adversarium
831 4192 890 4231 cnm
903 4175 1024 4230 omnibus
1042 4177 1098 4233 suis
1118 4184 1146 4229 et
1162 4175 1212 4228 de-
