2967 4825
244 265 319 347 tet
523 223 752 350 ‘utentum
788 273 1050 348 amariorum

197 483 200 490 ·
244 445 311 528 μοῦ
332 441 533 510 διασείεσθαι
551 441 627 520 τοῦς
648 439 840 528 ἀνθρώπους
870 447 926 509 καί
946 442 1106 530 ἀνωφελὲς
1128 443 1236 520 αῦτοῖς
1257 442 1353 508 τίθε-

246 551 328 612 σθαι
346 542 380 611 τό
405 548 460 630 τῆς
481 546 667 628 ἐλευθερίας
688 544 859 629 διάταγμα.
909 537 987 634 ᾔδει
1000 541 1062 629 γάρ
1084 548 1177 610 τοῦτο
1198 541 1235 609 τό
1256 540 1351 627 ἔργον
1468 537 1469 620 l

248 650 304 714 ἐπί
323 647 381 712 τοῦ
392 644 501 712 Δοόκα
524 644 660 723 πολλοῦς
684 642 965 730 διαλωβησάμενον
987 642 1113 730 κοίτην
1131 644 1351 729 μεριαὴντιῦν

246 746 371 834 χρόνων
401 750 590 833 ἐλευθερίαν
629 747 840 830 άνελεόθερον
872 755 936 823 τοϊς
965 753 1090 823 πολλοῖς
1123 747 1350 836 ἐργασάμενον.

245 847 376 933 ἔστηάεν
399 842 458 914 οῦν
479 850 626 916 ἐντεῦθεν
649 853 728 916 πάσι
749 859 814 926 τοῖς
835 850 1090 931 πολιτευομένοις
1119 849 1176 912 καί
1197 852 1353 936 πανταχῇ
1360 853 1379 906 5
1469 867 1470 872 ’

245 954 303 1035 γῆς
324 954 503 1017 κατοικοῦσι
521 950 689 1033 Ῥωμαίοις
719 951 775 1019 τόν
797 951 896 1038 φόβον
916 955 978 1016 τῶν
1005 948 1209 1034 ὀφλημάτων,
1231 951 1286 1014 καί
1307 950 1352 1034 τῷ

247 1043 315 1115 ῦντι
345 1053 537 1134 ἐλευθέρους
566 1052 680 1123 τοῦτου
711 1053 728 1116 ό
759 1050 911 1134 βασιλεῦς
940 1053 995 1115 καί
1023 1038 1154 1124 πολίτας
1181 1048 1352 1129 Ῥωμαίων

247 1148 435 1236 εἰργάσατο,
458 1145 494 1216 οῦ
514 1156 657 1237 χρυσοῦν
679 1154 847 1220 δακτύλιον
877 1155 985 1228 ου’τοῖς
1006 1147 1184 1236 παρασχιόν
1208 1145 1229 1233 ἢ
1250 1149 1350 1236 §tna-

226 1260 316 1341 ’σμα
337 1249 415 1319 κατά
436 1253 570 1341 κόρρης,
592 1254 636 1332 οός
664 1265 730 1330 τοῖς
760 1256 1040 1339 ἐλευθερουμένοις
1063 1251 1097 1317 τό
1121 1250 1263 1334 πρόσθεν
1283 1253 1353 1332 ἐγί-

208 1405 215 1422 .
247 1375 331 1434 νετο,
365 1354 444 1419 άλλά
474 1359 601 1440 χρυσοῦ
631 1355 733 1444 πηγάς
764 1360 820 1421 καί
850 1353 1014 1422 ταλάντων
1044 1352 1212 1439 πλημύρας
1240 1352 1399 1427 adeodato
1471 1388 1472 1430 ι

247 1452 529 1539 άποχαριζόμενος,
551 1455 607 1522 aaa*
626 1455 660 1522 τό
681 1461 738 1522 τοῦ
759 1459 833 1541 πρίν
852 1459 925 1539 βιόυ
941 1454 1079 1539 άβίωτον
1098 1446 1252 1535 εῦόαιμον
1273 1449 1352 1516 roti-
1375 1541 1383 1546 μ

247 1578 313 1632 τοις
336 1557 390 1621 καί
408 1555 567 1641 μακάριον
587 1562 632 1636 είς
652 1559 686 1624 τό
711 1555 782 1643 ἑξῆς
804 1555 1025 1644 ἐργαζόμενος.
1263 1547 1265 1551 ’

350 1652 459 1733 Οῦτοις
483 1653 541 1724 οῦν
561 1662 724 1743 εῦσιβείας
746 1663 801 1725 καί
823 1664 990 1747 θεοφιλίας
1012 1656 1137 1743 ἔχοντος
1162 1657 1275 1742 ου’τοῦ,
1295 1658 1354 1722 καί

211 1823 217 1832 ,
248 1759 412 1842 εὐψυχίας
443 1760 594 1848 μεγίστης
624 1788 677 1826 ναι
700 1765 935 1846 μεγαλουργίας
963 1764 1198 1844 α’ντεχομένου,
1217 1755 1282 1822 ἔδει
1302 1783 1349 1842 μη

248 1862 284 1926 ἐκ
308 1860 418 1945 χειρός
446 1861 557 1946 κυρίου
586 1868 826 1938 πολλαπλασίας
855 1862 913 1938 τάς
943 1862 1121 1937 ἀντιδόσεις
1144 1863 1273 1942 λαβεῖν,
1296 1861 1354 1926 και
1365 1879 1399 1931 15

198 1975 203 1983 “
247 1966 345 2045 μέχρι
364 1965 490 2029 ’πολλοῦ
518 1963 592 2040 τοῦς
614 1963 789 2048 τυράννους
817 1990 870 2030 και
904 1964 1163 2050 τυραννόφρονας
1191 1961 1248 2025 καί
1269 1954 1396 2027 άλά-

248 2087 365 2146 στυρας
386 2064 561 2149 άντερίζειν
591 2067 678 2159 αῦτη)
700 2069 830 2152 κοίτης
858 2067 1025 2148 βασιλείας
1053 2065 1274 2151 άμφισβητιῖν,
1296 2065 1382 2126 καί

249 2187 313 2230 που
333 2167 423 2230 τοῦτο
443 2159 562 2230 θεοῦ
542 2193 580 2251 ην
603 2169 661 2233 τοῦ
681 2171 789 2232 δικαία
812 2165 913 2256 ψηφιμ
933 2165 967 2234 τό
990 2167 1053 2230 πάν
1074 2163 1274 2240 διιθῦνυντος
1297 2161 1354 2228 καί

249 2290 301 2355 τηι
311 2269 369 2329 τοῦ
392 2265 484 2332 ἐλέου
504 2264 608 2359 μίτρην
628 2271 895 2394 η’ντιμετροῦντος
918 2266 972 2333 τόν
992 2263 1090 2332 ἔλεον
1133 2265 1190 2329 οῦκ
1210 2260 1267 2329 οῦν
1283 2264 1350 2328 ου’δ*

249 2365 365 2451 ηθεία
388 2372 498 2456 ψηφος
526 2395 583 2452 την
618 2366 783 2458 άπόφασιυ
813 2369 1001 2455 άνεβάλετσ,
1022 2393 1076 2433 και
1105 2360 1157 2431 τόν
1179 2365 1400 2450 Βροόννιονλθ
1474 2390 1475 2431 3

247 2471 458 2550 βασιλειῶντα
488 2468 568 2536 κατά
592 2497 653 2557 την
678 2468 946 2556 Μακεδονικην
931 2496 965 2569 εν
996 2467 1277 2587 Ἀδριονουπόλει,
1298 2492 1353 2533 ναι

250 2593 308 2653 την
331 2573 536 2655 Βριαρέως
521 2570 616 2656 τυχόν
637 2572 861 2658 α’γεροοχυῦντα
880 2597 933 2637 και
956 2567 1213 2655 ἐγκαυχάμενον,
1236 2571 1290 2635 καί
1309 2572 1354 2655 τῷ
1391 2630 1406 2658 ,

249 2674 378 2753 βασιλεῖ
394 2697 432 2745 τα
422 2674 613 2759 δευτερεῖα
633 2678 742 2761 φέρειν
767 2677 821 2739 καί
840 2674 980 2739 ῦπείνειν
999 2697 1045 2755 μη
1069 2667 1270 2758 άνεχόμενον,
1292 2666 1355 2733 ῦπό

318 2866 349 2922 9.
369 2871 455 2940 νδρηο
471 2866 502 2923 (λ

251 3053 370 3123 gradum,
390 3059 530 3119 praeterea
548 3051 695 3119 prohibens
716 3053 760 3117 iis,
774 3053 914 3121 quominus
928 3058 1038 3119 propter
1051 3083 1195 3103 ......
1215 3064 1353 3104 vexaren.

250 3134 293 3178 tur
318 3124 440 3176 bomines
465 3124 623 3192 irritumque
648 3126 681 3178 iis
712 3126 870 3177 redderetur
896 3124 1028 3176 libertatis
1056 3123 1206 3175 decretum:
1237 3131 1354 3187 nouerat

250 3198 321 3248 enim
337 3196 405 3248 bano
423 3212 480 3247 rem
499 3196 547 3249 sub
573 3197 646 3248 Duca
674 3196 773 3248 multos
794 3210 908 3248 vexasse
927 3205 953 3247 et
977 3196 1099 3262 partitam
1116 3209 1244 3247 annorum
1262 3194 1352 3247 liber-

249 3276 332 3320 tatem
349 3268 450 3319 irritam
467 3268 589 3335 plurimis
608 3267 764 3320 reddidisse.
813 3268 918 3320 sedavit
936 3268 1018 3335 igitur
1043 3266 1105 3318 inde
1133 3266 1253 3318 omnibus
1279 3269 1352 3319 civi.

249 3338 299 3391 tus
318 3348 345 3392 ot
363 3340 467 3407 ubique
481 3340 659 3391 babitantibus
673 3340 799 3392 Romanis
818 3348 916 3390 metum
934 3338 1097 3409 debitorum·
1118 3346 1144 3389 et
1161 3353 1260 3390 revera
1279 3337 1353 3391 llbe-

250 3425 295 3464 ros
313 3426 362 3463 rex
381 3419 408 3463 et
426 3412 502 3463 aives
520 3412 653 3464 Romanos
672 3411 796 3474 reddidit,
815 3425 870 3462 non
892 3426 1000 3462 aureum
1019 3408 1182 3461 annulum
1164 3425 1197 3461 ns
1219 3410 1352 3478 praebens

250 3482 296 3534 vel
315 3482 467 3567 colaphum,
486 3491 515 3533 ut
532 3482 653 3535 liberatis
672 3491 751 3534 antea
768 3482 874 3546 accidit,
894 3483 942 3533 sed
961 3483 1018 3533 auri
1039 3480 1126 3533 fontes
1146 3488 1173 3532 et
1190 3480 1354 3534 talentorum

250 3554 440 3607 abundantes
433 3556 466 3606 ris
486 3554 601 3619 donans,
628 3561 655 3605 et
679 3555 794 3621 priorem
819 3548 900 3605 vitam
922 3553 1029 3604 minime
1054 3552 1164 3606 vitalem
1184 3553 1292 3605 felicem
1307 3554 1363 3611 hia.

250 3634 277 3685 et
295 3627 424 3679 beatam'
416 3642 443 3677 nn
462 3634 597 3692 posterum
616 3620 742 3677 reddens.

350 3722 394 3773 Sic
420 3723 503 3790 igitur
527 3738 586 3773 cum
611 3723 736 3790 pietatem
768 3733 795 3777 et
822 3722 865 3773 dei
894 3736 1009 3773 amorem
1032 3705 1137 3774 teneret
1165 3722 1187 3772 is
1208 3730 1235 3773 et
1258 3722 1354 3774 virtuti

250 3793 380 3845 maximae
400 3801 427 3844 et
450 3792 664 3861 magnificentiae
683 3794 817 3861 studeret,
845 3793 985 3863 oportebat
1010 3810 1067 3845 eum
1092 3808 1146 3845 non
1168 3809 1182 3843 e
1201 3809 1280 3845 manu
1299 3795 1353 3845 do.

210 3915 213 3922 ⁴
250 3866 315 3916 mini
333 3864 497 3931 multiplices
522 3866 680 3916 mutationes
700 3868 844 3935 accipere,
876 3875 903 3917 et
922 3866 966 3917 diu
986 3874 1113 3932 tyrannos
1134 3873 1160 3916 et
1177 3873 1354 3931 tyrannorum

251 3936 368 3989 asseclas
387 3946 413 3988 et
432 3936 563 3989 scelestos
579 3939 726 3989 adversarii
746 3942 770 3989 ei
786 3948 812 3991 et
830 3939 863 3989 de
882 3952 966 4005 regno
981 3945 1101 3988 certare:
1123 3944 1202 4005 atque
1219 3938 1354 4005 quomodo

251 4009 302 4059 hoc
321 4008 364 4058 dei
384 4018 455 4073 erat,
474 4010 517 4077 qui
547 4011 617 4060 iusto
647 4009 773 4078 sullragio
802 4012 929 4061 universa
958 4009 1088 4076 gubernat
1108 4016 1134 4058 ot
1152 4008 1355 4059 misericordiae

249 4087 335 4131 metro
354 4081 460 4131 metitur
477 4080 702 4133 misericordiam:
722 4097 773 4131 nee
793 4082 955 4133 divinator
981 4094 1137 4146 responsum
1156 4078 1305 4142 differebat,
1327 4088 1356 4130 et

250 4152 426 4218 Bryennium,
447 4154 493 4219 qui
511 4168 623 4221 regnum
650 4152 791 4205 affectabat
810 4151 982 4207 Macedoniae
999 4151 1174 4219 Adrianopoli
1199 4158 1226 4202 et
1248 4150 1358 4204 Briarei

254 4223 337 4281 robur
356 4222 472 4275 iactabat
491 4224 694 4292 ostentabatque
712 4240 801 4295 neque
820 4227 880 4293 regi
899 4224 1028 4279 secundae
1050 4231 1138 4293 partes
1156 4238 1240 4293 agere
1259 4230 1286 4275 et
1305 4238 1357 4275 ce.
