2967 4825
246 199 326 278 ,νοτ
540 187 761 269 πτεελεειε
791 179 1051 265 lmmrorlu

251 373 351 460 βάται
371 373 433 436 ’τάν
454 359 554 451 ὅρκων
576 365 630 426 καί
652 363 715 425 τῶν
737 360 904 443 συνθηκαῖν
925 357 1155 442 ἐχρημάτισαν.
1200 349 1269 422 ἀλλ’
1294 346 1366 422 ού-

251 499 305 551 τος
341 475 477 558 άτρέστιρ
508 469 562 532 καί
588 461 716 547 εύχενεί
732 461 773 551 τῷ
798 458 1000 548 φρονήματι,
1023 462 1060 546 τῇ
1091 462 1163 548 θείη
1193 455 1294 548 ψήφῳ
1320 455 1365 524 τά

253 577 322 643 κατ’
344 570 441 638 αύτόν
465 571 659 650 ἐπιτρέψας,
683 562 912 644 ούδέναλύχον
936 557 1054 626 τούτοιν
1077 565 1254 645 πεποίηκεν,
1276 556 1365 624 άλλσὶ

252 666 427 761 συμβαλών
455 668 516 744 τάς
537 670 699 752 ’πονηρίας
721 665 991 751 καίιάτασθαλίας
1015 663 1136 742 αύττάν,
1158 659 1212 760 καί
1234 661 1275 739 ὥς
1298 650 1367 724 άλ-

155 832 161 843 ,
254 787 316 853 λας
339 775 475 848 Ἁλαιέας
496 775 550 835 καί
570 770 758 852 λωβητῆρες
779 755 931 844 εύθύμιος
952 761 1074 844 τούτοις
1097 763 1393 845 ύπσσεισάμενσς,5

253 874 370 961 ἵναμή
401 869 630 956 καυχήσωνται
653 870 878 949 συμβαλέσθαι
900 862 1002 953 ταύτην
1029 862 1109 944 πρὸς
1136 860 1170 928 sd
1195 867 1367 948 προκείμε-

235 972 306 1046 ’νον
333 977 527 1055 σπούδασμα
559 975 613 1036 καί
647 970 705 1053 τήν
735 972 789 1054 τής
812 969 977 1048 βασιλείας
1002 960 1174 1048 α’νάβασινς
1193 966 1248 1028 καί
1268 967 1369 1030 αύτοί

254 1080 312 1154 τοὶς
334 1079 517 1160 εὐεργεσίας
538 1069 673 1150 άναξίοσς
695 1073 909 1152 κομίσωνται,
932 1067 988 1150 τῆς
1009 1064 1194 1148 ὁδοιπορίας
1217 1066 1368 1150 ἐπάρχε-

253 1205 316 1246 ται.
361 1175 391 1242 οῖ
413 1179 444 1240 δ’
467 1173 703 1261 ἐφεδρεύοντες,
728 1173 839 1234 πολλοί
862 1166 917 1232 καί
933 1163 1136 1250 πανταχόθεν
1157 1172 1366 1252 συρρέοντες,

256 1283 396 1368 ω’ρύοντο
424 1283 482 1360 μὲν
513 1276 555 1350 ὥς
590 1274 724 1354 σκύμνοι
758 1274 822 1335 καί
844 1268 1065 1334 καθυλάκτουν
1097 1269 1142 1344 τάς
1173 1267 1286 1349 κύνες,
1317 1271 1365 1346 είς
1377 1285 1408 1338 10

245 1407 248 1412 ·
258 1392 370 1468 χεῖρας
405 1381 440 1444 δέ
468 1377 569 1466 τούτῳ
600 1378 707 1440 ἐλθεῖν
742 1373 797 1436 καί
825 1369 962 1453 πόλεμον
993 1370 1149 1456 συρράξαι
1185 1368 1277 1458 φόβην
1308 1367 1368 1443 καί

256 1485 355 1572 φρίκη
379 1481 583 1565 συνείχοντο,
618 1479 719 1540 καίτοι
741 1472 889 1547 πολλάκις
919 1475 963 1547 εἰς
985 1471 1079 1536 τούτο
1100 1475 1278 1556 μεταβῆναι
1302 1493 1365 1551 με.

256 1581 494 1662 τακαλούμενοι.
550 1581 620 1644 αλλ’
648 1571 754 1659 οἵσπερ
782 1576 835 1639 ἐπί
863 1576 926 1638 τάν
950 1573 1155 1658 Ἰσραηλιτῶν
1175 1575 1365 1656 γέγραπται,

222 1689 311 1775 ,τῆς
342 1685 484 1766 ἐρυθρᾶς
518 1684 692 1765 τμηθείσης
729 1675 894 1758 θαλάσσης
924 1677 1071 1758 α’βρύχοις
1107 1671 1225 1749 αύτούς
1250 1677 1367 1738 διαπε-

260 1785 443 1871 ραιωθῆναι
478 1779 527 1845 διά
549 1782 666 1865 ξηροῖς,
697 1779 741 1854 ὥς
763 1782 886 1861 τείχους
908 1779 942 1842 ἐκ
972 1778 1082 1856 δεξιάν
1106 1775 1160 1840 καὶ
1180 1776 1308 1862 τείχους
1333 1776 1366 1854 ἐξ
1377 1792 1406 1844 15

257 1884 428 1966 εύοονύμων
447 1883 628 1973 Χἱσταμένου
651 1882 705 1946 τοῦ
727 1877 860 1969 ύδαεος,
895 1874 997 1953 ούταις
1030 1879 1169 1943 ἐνταῦθα
1194 1879 1363 1960 τεθαυμα-

257 1985 447 2071 τούρχηται·
504 1981 547 2058 atr
580 1983 640 2067 peip
679 1978 785 2068 ῥεῦμα
814 1978 1022 2064 πανταχόθεν
1054 1983 1277 2063 συντρέχοντες
1309 1983 1366 2044 καί

257 2085 537 2168 παρατειχιζοντες
552 2081 659 2169 ζαύτὸν
680 2080 709 2147 οἱ
731 2085 874 2163 πολέμιοι
904 2085 1031 2163 ψαύσαι
1054 2081 1167 2146 τούτου
1193 2082 1248 2144 καί
1267 2080 1365 2144 πόλε-

258 2213 319 2270 μον
339 2189 505 2272 θαρρήσαι
537 2186 594 2250 ούκ
617 2184 855 2268 άπετύλμησαν,
886 2185 919 2248 ἐν
938 2181 1095 2264 ’ὁμοιώσει
1118 2183 1152 2247 δέ
1175 2178 1364 2268 δορυφόρων

260 2289 318 2364 τάς
338 2287 557 2371 παραπομπάς
591 2285 786 2372 ἐπεποίηντο,
831 2280 897 2350 ὅσοι
926 2287 961 2351 δὲ
982 2279 1209 2366 πολεμήσοντες
1233 2274 1404 2365 ήλασαν,νῡ

260 2384 282 2476 ἢ
303 2391 466 2463 πίπτοντες
489 2389 618 2471 οἰκτράς
640 2388 695 2471 τήν
719 2387 830 2471 ψυχήν
852 2382 1060 2469 α’πεβάλοντο,
1088 2377 1182 2469 ήτήν
1204 2374 1301 2468 ἧτταν
1322 2378 1364 2458 ὦς
1420 2459 1422 2465 y

258 2477 294 2569 ἐξ
313 2490 564 2580 α’καταμαχήτου
586 2489 753 2570 δυνάμεως
775 2490 958 2571 α’νελύμενοι
989 2488 1092 2553 ούκέτι
1113 2489 1270 2571 δευτέρως
1291 2482 1362 2549 ἐπι-

259 2600 379 2677 χειρεῖν
402 2589 605 2673 ἐδοκίμασαν.
666 2591 753 2654 πάσα
787 2592 821 2655 δέ
845 2586 1178 2674 πύλιςέπερχύμενον
1211 2585 1309 2653 αύτδν
1330 2587 1363 2656 ἐν

331 2754 358 2805 5.
376 2748 515 2811 sneisanc?
602 2752 645 2805 22.
668 2751 811 2824 δευτέροις
828 2751 858 2807 G.

180 2964 183 2970 1
260 2902 433 2955 iurandorum
453 2906 480 2951 et
497 2899 649 2965 pactionum
666 2902 731 2953 facti
749 2908 818 2954 suut.
855 2900 903 2953 sed
919 2899 964 2951 hic
980 2899 1112 2967 intrepido
1131 2906 1159 2951 et
1173 2899 1260 2962 nobili
1276 2880 1362 2953 animo

261 2974 353 3026 divino
375 2972 502 3040 suffragio
521 2987 565 3023 res
585 2988 646 3026 suas
663 2973 784 3026 tribuens
803 2971 903 3025 nullam
922 2972 1053 3023 rationem
1074 2972 1169 3023 horum
1189 2971 1297 3024 habuit:
1317 2973 1363 3025 sed

261 3044 405 3097 conferens
424 3045 582 3111 pravitatem
602 3052 628 3094 et
646 3045 757 3097 iniurias
778 3060 868 3097 eorum
889 3052 915 3095 et
933 3060 963 3095 se
981 3042 1066 3096 malos
1085 3044 1216 3097 vinitores
1251 3052 1279 3095 et
1306 3052 1363 3095 tur.

259 3132 308 3184 pes
327 3115 398 3167 bono
418 3118 505 3167 animo
527 3117 688 3179 excussisse,
706 3131 741 3166 ne
767 3117 949 3185 gloriarentur
975 3116 1038 3166 huic
1064 3117 1211 3167 convenire
1238 3118 1269 3169 ad
1299 3132 1362 3183 pro-

259 3188 376 3256 positum
393 3189 507 3239 studium
528 3195 554 3236 et
577 3188 763 3238 ascensionem
782 3190 858 3257 regni
878 3196 905 3239 et
915 3188 967 3255 ipsi
985 3187 1117 3239 beneficia
1136 3188 1246 3255 indigne
1265 3204 1362 3255 repor-

260 3265 360 3321 tarent,
381 3259 432 3309 iter
450 3258 562 3323 incipit:
582 3258 739 3310 insidiantes
761 3267 858 3324 autem,
879 3262 924 3327 qui
943 3258 1019 3309 multi
1040 3265 1115 3309 erant
1127 3259 1283 3327 standique
1297 3276 1374 3325 con--

259 3329 387 3393 fluebant,
408 3328 546 3379 ululabant
570 3336 694 3397 tanquam
720 3331 802 3382 catuli
828 3340 854 3383 et
877 3330 1011 3381 latrabant
1039 3338 1068 3380 ut
1095 3345 1193 3383 canes:
1223 3334 1361 3397 quominus

261 3410 348 3453 autem
368 3403 401 3452 ad
419 3417 510 3453 manus
532 3400 593 3452 huic
612 3402 738 3454 venirent
759 3410 786 3453 et
802 3402 904 3453 bellum
923 3410 1114 3465 consererent,
1143 3399 1215 3453 'metu
1243 3410 1270 3453 et
1298 3402 1360 3454 hor-

173 3538 177 3544 .
260 3488 323 3526 rore
342 3473 535 3534 retinebantur,
547 3471 619 3523 'licet
639 3488 720 3540 saepe
739 3472 773 3524 ad
791 3473 842 3523 hcc
861 3474 974 3525 transire
994 3473 1120 3524 excitatis
1139 3473 1187 3525 sed
1205 3481 1235 3524 ut
1259 3475 1292 3526 de
1317 3475 1362 3525 lu-

205 3590 211 3600 .
263 3545 336 3597 daeis
356 3546 484 3610 scriptum
506 3550 554 3605 est,
574 3543 654 3594 rubra
672 3546 738 3595 mari
758 3544 845 3597 diviso
865 3545 951 3595 siccos
971 3559 1017 3597 eos
1036 3545 1175 3596 transiisse
1195 3560 1244 3611 per
1263 3546 1361 3597 aridum

261 3631 337 3667 mura
357 3632 373 3666 a
391 3616 485 3666 dextre
506 3621 532 3663 et
550 3630 625 3665 muro
645 3631 661 3664 a
682 3616 789 3666 sinistro
809 3615 928 3666 adstante
948 3631 1043 3684 aquae,
1063 3617 1102 3666 ita
1122 3616 1165 3667 bic
1196 3616 1285 3667 simile
1311 3619 1361 3667 mi-

262 3686 382 3737 raculum
404 3686 500 3735 lactum
521 3692 582 3736 est:
602 3693 630 3735 ut
652 3686 721 3735 enim
740 3686 824 3739 amnis
846 3688 1173 3754 undiqueconeurrentes
1195 3697 1222 3740 et
1247 3689 1383 3739 circum-¹

262 3755 397 3807 vallantes
417 3769 476 3803 eam
495 3750 717 3823 bestes'tangere
736 3757 807 3809 hunc
826 3766 853 3809 et
880 3757 980 3809 bellam
1005 3759 1095 3811 subire
1119 3775 1173 3811 non
1200 3768 1263 3811 sunt
1291 3761 1360 3813 ausi:

263 3824 437 3877 similitudine
458 3831 544 3873 autem
564 3826 709 3894 satellitum
728 3830 879 3881 comitatum
899 3829 1038 3881 lecerunt:
1058 3833 1213 3899 quicunque
1233 3839 1322 3882 autem
1331 3831 1360 3883 ad

263 3894 415 3946 bellandum
434 3895 550 3960 profecti
571 3905 661 3961 erant,
686 3906 731 3950 aut
756 3902 881 3953 cadentes
908 3902 1005 3951 misere
1030 3903 1112 3954 vitam
1137 3902 1294 3954 amittebant
1320 3910 1361 3953 aut

266 3965 367 4016 cladem
386 3973 415 4016 ut
435 3982 468 4016 ex
486 3967 588 4020 invicta
608 3970 727 4035 potentia
745 3973 866 4039 perpessi
885 3986 939 4024 non
958 3972 1008 4023 iam
1027 3989 1118 4027 rursus
1138 3974 1250 4042 aggredi
1260 3982 1361 4025 statue-

264 4043 344 4087 rnnts
362 4035 442 4089 urbes
462 4046 550 4090 autem
571 4055 663 4094 omues
682 4043 869 4113 advenientem
890 4058 949 4093 eum
967 4043 994 4093 iu
1013 4044 1067 4095 alto
1089 4054 1116 4097 et
1140 4045 1233 4097 divino
1262 4034 1360 4103 lac‘erto

265 4104 385 4161 libenter
408 4115 435 4160 et
452 4111 535 4166 multa
555 4126 615 4169 cum
638 4111 718 4166 laude
749 4122 776 4165 et
800 4113 959 4171 clamoribus
991 4116 1167 4185 excipiebant.
1205 4114 1362 4171 mercenarii
