2967 4825
160 306 164 312 ¹
237 270 313 347 ΕΜ
533 264 753 346 monime
782 263 1042 337 amictoria
1074 259 1076 269 '

237 452 315 530 κῶς,
337 448 381 535 rqi
404 442 515 534 φθόνῳ
538 442 593 507 καὶ
612 448 652 529 τῇ
674 446 847 530 κακοηθείᾳ
878 436 923 524 μη
945 437 1100 523 προτιμᾶν
1119 432 1154 501 τὸ
1174 430 1341 518 συμφέρον

237 547 341 630 εἰδώς,
363 552 419 612 κατ’
439 548 587 633 τιμωρεῖν
608 546 794 630 ἐπισφαλῶς
817 541 872 608 τὸν
892 541 1031 625 α’κρίτην,
1052 536 1085 605 ἐν
1105 529 1190 601 οὕτω
1214 529 1339 614 συγχιλ-

236 672 286 715 σει
307 654 367 714 τῶν
395 643 590 730 πραγμάτων
609 644 837 728 ὑπαρχόντων,
864 646 919 706 καλ
938 638 999 723 apd
1032 642 1087 703 τοῦ
1110 637 1222 701 δοῦναι
1247 631 1341 714 λόγον

236 754 292 833 τῆς
313 740 533 835 διοικήσεως),
563 749 618 829 τῆς
641 747 745 829 αὐτῆς
762 743 890 819 ἐκείνοις
917 746 1034 824 βουλῆς
1064 742 1117 805 κατ’
1141 735 1267 821 γνώμης
1287 732 1341 798 ε’ττί

236 846 411 933 συνθήκαις
452 846 508 912 καί
539 843 644 933 ὅρκοις
673 844 819 922 κοινωνὸς
842 842 1056 929 ἐχρημάτισε,
1093 840 1148 907 καί
1176 834 1255 921 τιρός
1282 832 1367 910 τὰςὸ
1395 867 1398 871 ·

237 945 548 1033 ὃμολογιας“τάιὶτας
569 951 625 1014 κατ’
642 946 676 1015 τὸ
700 951 764 1013 τῶν
784 946 994 1024 Πατζινὰκων
1024 942 1116 1020 ἔθνος
1136 936 1342 1023 συναρμοσά-

236 1074 330 1134 μενος
354 1056 503 1132 πολεμεῖν
524 1058 588 1125 τοῖς
606 1046 776 1130 Ῥωμαίοις
803 1050 869 1127 μετ’
893 1048 996 1112 adroic
1027 1044 1172 1132 α’στιόνδιρ
1193 1044 1233 1129 τῇ
1252 1036 1342 1125 μάχη

227 1154 400 1224 συνέθετο.
443 1152 656 1236 σογκινήσεαις
681 1141 737 1213 οὖν
757 1154 922 1233 γενομένης
942 1147 1109 1231 τοιαύτης,
1133 1142 1171 1210 τοὶ
1195 1141 1270 1227 περὶ
1288 1141 1342 1205 τὸν

238 1252 376 1332 πόλεμον
403 1251 458 1317 καὶ
479 1250 541 1338 ἱτὴν
577 1255 632 1336 τῆς·
658 1251 838 1335 Ῥωμαϊκῆς
872 1246 983 1334 χώρας
1019 1244 1196 1331 ἐπιδρομὴν
1232 1241 1343 1318 αιῗτοῖς

240 1354 412 1441 ἐξηρτύετο.
715 1405 718 1411 .

214 1497 218 1503 ·
336 1454 385 1521 ’tir
407 1459 443 1520 di
472 1458 516 1543 aqi
536 1458 623 1544 μέσην
655 1460 715 1518 τοῦ
729 1454 913 1520 Ῥουσελιίιο
942 1459 1009 1527 τοϊς
1032 1450 1186 1535 Τούρκοις
1210 1469 1346 1529 κατεχο-

240 1562 362 1640 patrea,
395 1555 513 1640 πολλὴν
545 1552 737 1642 ὅτιρόεδρος
760 1556 897 1633 Ἀλέξιος
919 1548 1087 1637 ἐποιήσατο
1117 1551 1173 1636 την
1191 1546 1345 1632 στιοοδὴν,

241 1662 284 1747 τῷ
305 1648 430 1745 κάστριρ
450 1660 506 1740 τῆς
525 1658 700 1738 Ἀμαοειάς
730 1656 949 1738 ἐνδιατρίβων,
980 1651 1040 1719 aiud
1065 1652 1122 1737 την
1147 1656 1232 1721 ἰδίαν
1250 1658 1346 1734 χεῖρα

241 1758 353 1823 τοῦτον
375 1760 586 1840 ποιήσασθαι.
636 1757 691 1821 καί
718 1760 825 1837 μέντοι
847 1756 903 1821 καί
927 1754 1088 1821 ταλάντων
1109 1753 1227 1818 ἱκανῶν
1248 1776 1348 1837 τιμη-

241 1863 387 1941 σαμένων
401 1862 465 1924 ταῖν
479 1861 628 1946 Τούριιων
642 1856 697 1924 τὸν
715 1858 906 1941 Ῥοσσέλιον,
926 1861 963 1945 τῇ
985 1859 1146 1943 καταβολῇ
1168 1859 1231 1920 τοῖν
1244 1858 1347 1919 αἰται-
1356 1854 1392 1909 15

242 2061 353 2147 γάγετο
372 2070 488 2145 χεῖρα,
518 2062 575 2127 κατ’
595 2065 839 2147 σιδηροδὲσμιον
863 2062 1032 2141 duodecime
1065 2058 1118 2125 διὰ
1143 2062 1260 2143 πολλῆς
1281 2052 1348 2139 εἶχε

243 2167 300 2227 κατ’
319 2159 480 2248 α’γρτῖτινοο
503 2167 559 2248 τῆς
583 2167 737 2250 φυλακῆς.
791 2156 859 2229 εἶτα
882 2168 1012 2244 πέμψας
1031 2161 1165 2245 γράμμα
1188 2160 1268 2246 πρὸς
1290 2160 1349 2223 τὸν

242 2267 401 2349 βασιλέα,
427 2270 483 2331 κατ’
512 2269 588 2348 παρ’
612 2265 731 2331 τ’κείνοο
764 2263 859 2330 πάλιν
882 2264 1060 2345 δεξάμενος,
1081 2263 1135 2327 διὰ
1154 2265 1208 2346 τῆς
1230 2267 1352 2327 flone-

159 2435 178 2450 ‚
244 2367 309 2448 τῆς
323 2364 489 2453 θαλάσσης
514 2362 727 2451 ε’τιττιορεύθη,
753 2368 808 2431 καί
829 2368 939 2432 τοῦτον
969 2367 1014 2440 εἰς
1038 2364 1095 2449 την
1113 2362 1396 2446 βασιλεύουσανλθ

244 2466 327 2548 μεταλ
362 2471 417 2552 τῆς
449 2469 546 2555 αὐτῆς
572 2468 747 2554 τροδοκοὶκης
775 2466 949 2552 εἰσήγαγεν.
999 2467 1016 2531 ὅ
1051 2469 1086 2532 δὲ
1119 2465 1271 2547 βασιλεύς
1302 2461 1352 2546 μὴ

245 2571 441 2651 προθέμενος
473 2573 520 2647 εἷς
542 2564 617 2653 ὄψιν
640 2565 761 2634 ἑαυτοῦ
787 2567 841 2633 καί
860 2572 940 2632 θέαν
961 2573 1074 2642 τοῦτον
1104 2571 1220 2648 ἐλθεῖν,
1243 2566 1301 2630 καί
1318 2587 1352 2630 τι

245 2673 301 2761 κατ’
321 2673 564 2751 βουλεύσασθαι
586 2674 753 2757 βασιλικῆς
774 2670 972 2750 ἀνεξικακίας
992 2671 1047 2736 κατ’
1064 2665 1354 2756 μεγαλοφροσύνης

288 2842 291 2846 ’
318 2848 344 2902 2.
364 2863 398 2902 au
418 2847 557 2922 ἄκριτοκλ
574 2854 636 2919 post
654 2848 727 2905 adro
745 2850 791 2904 vel
809 2851 917 2925 μεγάλη
936 2851 1013 2908 deest
1031 2851 1077 2904 rel
1095 2850 1184 2905 simile
1202 2848 1274 2919 quid.

123 3061 136 3085 ‚
163 3070 165 3073 v
247 3010 380 3079 pravitate
397 3013 534 3081 respicere
554 3011 696 3066 utilitatem
714 3014 839 3068 nesciens
859 3023 886 3067 et
905 3031 1054 3086 exsequens
1073 3015 1227 3085 periculose
1245 3015 1287 3066 ius
1307 3011 1355 3065 iu..

248 3082 312 3135 dieii
334 3082 474 3150 violatum,
494 3085 521 3137 in
540 3092 612 3138 tanta
630 3086 790 3138 confusione
809 3086 889 3139 rebus
909 3089 1077 3140 versantibus
1098 3095 1203 3140 etanta
1222 3086 1355 3139 redditam

169 3202 171 3209 ,
247 3156 482 3209 administrationis
501 3160 643 3224 rationem,
664 3159 782 3210 eiusdem
804 3176 863 3211 curn
880 3157 936 3211 illis
957 3160 1063 3212 consilii
1086 3168 1112 3212 ct
1130 3159 1280 3214 sententiae
1301 3173 1354 3225 pa.

248 3227 381 3280 ctionibus
407 3237 434 3280 et
468 3230 639 3283 iureiurando
658 3231 794 3298 particeps
822 3239 862 3284 est
890 3229 992 3294 iactus:
1024 3239 1049 3284 et
1070 3248 1103 3283 ex
1121 3229 1289 3299 pactionibus
1309 3229 1353 3281 his

247 3307 387 3367 postquam
413 3302 491 3352 etiam
516 3301 718 3355 Patninacorum
746 3302 872 3368 populum
903 3303 1074 3368 conciliavit,
1095 3301 1274 3354 conveniebat
1292 3316 1354 3352 cum

246 3370 290 3435 iis,
308 3379 338 3422 ut
356 3387 414 3423 cum
434 3373 544 3427 Graecis
562 3383 712 3444 pugnarent
730 3373 804 3424 bello
823 3374 995 3441 implacabili.
1034 3375 1081 3426 tali
1101 3389 1165 3443 ergo
1185 3374 1261 3424 turba
1281 3373 1355 3424 lacta

247 3440 348 3494 bellum
366 3444 399 3495 ab
424 3445 457 3496 iis
477 3454 504 3496 et
523 3445 640 3498 Graecae
659 3455 747 3497 terrae
767 3445 871 3497 invasio
892 3447 1094 3514 apparabantur.

320 3540 428 3593 interea
446 3550 543 3606 autem,
563 3559 621 3594 eum
639 3541 765 3596 Ruselius
785 3558 800 3594 a
818 3542 909 3606 iureis
929 3544 1101 3608 detineretur,
1120 3543 1228 3596 multam
1242 3559 1356 3611 praeses

248 3610 362 3666 alexius
375 3612 449 3664 dedit
457 3628 574 3679 operam,
583 3615 610 3666 in
621 3614 736 3668 castello
745 3614 993 3680 Amasiaversatus‚
1004 3625 1033 3668 ut
1042 3617 1069 3668 iu
1078 3631 1151 3668 suam
1161 3631 1266 3668 manum
1278 3616 1357 3668 rodi.

250 3691 337 3750 geret,
350 3691 440 3750 atque,
454 3700 513 3735 cum
523 3693 610 3736 tamen
620 3685 720 3738 Turcae
737 3693 778 3738 eat
794 3685 884 3740 multis
894 3686 1002 3740 talentis
1013 3689 1197 3740 aestimassent
1203 3685 1356 3752 Ruseliurn,

251 3753 380 3818 depositis
399 3754 431 3805 iis
447 3769 516 3822 quae
534 3756 748 3823 requirebantur,
766 3759 841 3825 quasi
859 3774 974 3811 mercem
995 3774 1053 3812 eum
1074 3758 1124 3811 sibi
1144 3760 1309 3827 comparavit
1328 3766 1358 3810 et

250 3824 279 3876 iu
293 3838 367 3876 suam
382 3824 490 3893 subegit
507 3841 627 3891 manum,
643 3836 670 3880 ct
682 3830 709 3879 in
723 3828 832 3880 vincula
848 3830 936 3882 ferrea
950 3832 1098 3883 coniectum
1109 3830 1192 3884 multa
1205 3830 1314 3884 tenebat
1329 3838 1359 3882 et

250 3893 372 3962 diligenti
393 3897 526 3949 custodia:
546 3899 641 3950 deiude
658 3900 745 3951 missis
764 3900 850 3952 literis
869 3903 902 3954 ad
916 3918 1007 3972 regem
1028 3911 1055 3954 et
1073 3902 1105 3954 ab
1124 3902 1173 3954 illo
1191 3919 1285 3956 rursus
1306 3918 1357 3954 ae-

251 3968 335 4032 ceptis
354 3982 402 4034 per
420 3967 558 4022 Ponticum
577 3985 650 4022 mare
667 3971 805 4039 proiectus
825 3977 963 4041 astatque
982 3973 1053 4026 huno
1075 3975 1103 4026 in
1127 3977 1230 4043 regiam
1253 3976 1358 4027 eisdem

147 4063 151 4071 ‹
251 4038 421 4104 compedibus
441 4043 559 4093 vinctum
571 4043 683 4095 induxit.
703 4045 750 4096 sed
763 4059 821 4108 rex,
841 4053 958 4097 statuens
976 4062 1037 4098 eum
1050 4047 1078 4097 in
1092 4055 1263 4114 conspectum
1277 4061 1358 4100 sunan
1378 4085 1382 4090 .

250 4123 306 4160 noa
324 4110 438 4176 venire,
458 4120 485 4164 et
503 4114 651 4167 decernere
669 4114 789 4183 aliquid,
809 4117 917 4186 dignum
935 4119 1011 4185 regia
1036 4119 1166 4185 patientia
1191 4127 1218 4170 et
1242 4134 1357 4188 magna-
1397 4151 1400 4166 ι

250 4180 381 4248 nimitato,
401 4189 429 4236 at
446 4199 599 4253 proponere
618 4194 711 4242 contra
729 4203 790 4240 eam
808 4188 934 4242 iudicium
953 4197 1058 4256 etpost
1087 4190 1251 4247 decisionem
1277 4191 1357 4246 dam-

133 1998 137 2004 ,
210 1965 403 2041 Δτοομενων
425 1954 519 2025 ὤνιον
540 1960 639 2025 αὐτὸν
660 1962 874 2045 ἀπειργάσατο
905 1962 959 2025 καί
980 1958 1042 2023 ὑπὸ
1072 1955 1130 2042 τήν
1153 1960 1239 2023 ι’διάν
1261 1956 1348 2041 cinq-
1400 2042 1403 2051 λ
1477 2000 1478 2043 η
