2967 4825
454 254 458 258 ’
543 219 754 313 merome
1124 234 1195 321 'ser

21 453 31 471 .
100 405 230 497 Δούκρ,
259 402 329 471 ἐπεί
361 406 416 473 καί
434 407 544 486 σκαιὸς
559 407 674 498 ’ἒφάνη
696 410 750 477 καί
779 410 947 495 despicieris·
969 416 1025 479 καί
1043 412 1201 501 σοφιστὴς

99 508 161 570 τῶν
190 508 294 572 κακάν
324 501 368 582 οἷς
402 505 459 573 καί
487 508 565 576 κατά
601 514 657 595 τῆς
679 510 871 599 Αύγούστης
889 516 1038 597 μοιχείας
1058 510 1198 601 ἔγκλημα

97 610 142 693 τῷ
160 612 290 690 βασιλεῖ
305 608 542 693 ἀποψιθυρίσαι
562 614 673 702 φθύυιρ
694 616 755 678 τού
776 619 1123 702 συνεξυπηρετουμίνου
1146 614 1202 683 καί

97 710 390 795 συνάιίυεργοῦντος
419 709 505 800 αύτῷ
526 712 663 800 Μιχαῆλ
684 716 743 779 τού
765 715 962 799 Νικομήδου,
984 720 1045 801 τῆς.
1056 719 1116 797 μὲν
1134 722 1199 800 βα-

73 813 220 896 5σιλικῆς
249 812 479 896 παραστάσεως
505 816 722 906 ἀπεπίμφθῃ,
750 814 826 897 δούξ
849 819 884 883 δὲ
907 817 964 902 τῆς
984 814 1064 884 κατά
1091 818 1198 903 κοίλην

96 916 217 995 Συρίαν
250 912 443 997 Ἀντιοχείας
482 916 688 1001 ἀποδειχθείς
722 920 800 983 aridi
838 926 902 995 τοῖς
939 921 1039 984 ἐκεῖσε
1066 924 1198 1007 μέρεσιν

96 1013 286 1099 ἀπράγμονα
299 1014 355 1079 καί
365 1015 578 1084 ἀστασίαστον
592 1016 651 1103 τὴν
663 1017 821 1105 ἀιαχωχίχν
830 1023 1047 1105 καταλέλοιπε,
1069 1021 1199 1107 προφύ-

94 1138 162 1191 σεις
184 1119 330 1197 πολέμων
352 1118 596 1203 ἕκκατασκευὴς
617 1127 783 1207 φρουρίων
805 1120 1023 1206 ἐπισυνείρων,
1050 1122 1106 1187 καί
1124 1125 1217 1191 dua.

95 1218 211 1282 νιστιύν
230 1215 306 1293 τούς
318 1218 531 1308 ,ρΣαρακηνούς
555 1223 809 1305 ἀντιπολίσματα
826 1225 977 1288 συνιοτοῖν
999 1225 1045 1299 είς
1065 1220 1121 1305 τήν
1141 1226 1198 1305 τῆς

58 1313 196 1405 λθάκρας
225 1318 380 1387 ἐπίθεσιν.
433 1325 489 1387 καί
512 1328 659 1405 πολεμεῖν
685 1327 746 1406 μὲν
771 1323 897 1399 τούτοις
923 1317 944 1409 ἢ
968 1328 1197 1405 καταπολεμεῖν

64 1418 138 1504 ‘ptri
173 1418 367 1505 δυνάμενος,
407 1420 627 1505 ἀντιπολεμεῖν
661 1433 727 1499 τοῖς
753 1426 924 1506 Ῥωμαίοις
960 1427 1016 1489 καί
1042 1426 1197 1490 ἀνθιστάν

94 1523 282 1605 προσοίκους
301 1520 408 1601 πόλεις
430 1532 495 1603 τοῖς
514 1524 706 1607 Ῥωμαϊκοῖς
737 1524 835 1611 ἀριόις
862 1526 1028 1613 ἠρέθιζεν·
1071 1524 1110 1589 ού
1131 1521 1197 1607 μὴν
1261 1532 1266 1538 ’

11 1711 12 1714 ¹
95 1626 164 1687 ἀλλ’
187 1618 263 1689 ούάὲ
283 1633 350 1704 τοῖς
371 1629 536 1713 ἐγχωρίοις
558 1626 775 1712 Ἀντιοχεῦσιν
805 1628 1013 1713 ἀνενύχλητον
1043 1629 1097 1691 καί
1117 1616 1198 1689 ύιλυ-

93 1738 158 1791 πον“
187 1724 243 1811 τὴν
271 1724 431 1813 διαγωγὴν
456 1724 650 1814 συνετήρησε
663 1778 673 1811 ,
696 1730 771 1794 ποτὲ
791 1732 850 1810 μὲν
867 1726 924 1804 τοὶς
946 1726 1069 1809 κτήσεις
1092 1727 1197 1791 αύταῖν
1287 1798 1288 1801 ς

57 1823 341 1915 15ἀφαιρούμενος,
364 1831 439 1893 ποτὲ
460 1829 496 1893 dd
511 1829 738 1915 καταβαρύνων
761 1829 861 1904 αύτάς
877 1825 1068 1911 ἀπαιτήσεσι
1090 1851 1197 1907 παρα-

92 1926 197 2014 λόγοις
217 1926 273 1993 καί
294 1928 447 2015 ἀπηνίσιν
470 1935 650 2016 ἐπιφοραῖς.
697 1930 732 2006 ἀς
752 1933 805 2015 τῆς
827 1930 932 2015 ἀρχῆς
949 1931 1067 2011 ταύτης
1086 1950 1196 2011 παρα-

92 2025 1195 2115 ΜΜμὼΜωὼώωῶὠώωώΜΜ

11 2181 12 2196 2
91 2132 245 2219 περιπετῆ
275 2135 330 2196 καί
356 2134 552 2217 ἀκυβέρνητα
590 2134 812 2221 ε’φευρήματα,
835 2131 995 2220 πεμφθείς
1018 2134 1062 2209 εἰς
1085 2134 1322 2197 trost-taem.

11 2239 12 2314 l
92 2260 152 2319 ραν
178 2234 383 2319 ἠγεμονίαν,
408 2233 464 2297 ούκ
495 2234 609 2301 ἐλάττω
638 2240 699 2299 τάκ
729 2240 888 2321 προτέρων
923 2234 1195 2320 τῆνμοχθηρίαν

10 2394 20 2453 ρ
54 2334 259 2422 λθείσὴνεγκε.
308 2338 365 2401 τού
385 2336 420 2399 ἀὲ
439 2333 661 2417 βασιλεύοντος
691 2333 901 2422 τεθνηκότος
917 2360 968 2399 και
991 2338 1048 2420 τῆς
1065 2332 1196 2419 Αύχού-

11 2455 12 2509 J
90 2465 163 2525 στης
188 2437 246 2523 τήν
268 2435 487 2522 αύτοκρύτορα
509 2440 774 2525 περιελομένης’
754 2436 878 2524 ἀρχήν,
900 2434 975 2521 ἔσχε
996 2461 1044 2513 τις
1067 2440 1193 2502 ἐναντια

11 2559 12 2593 ³
91 2535 1188 2627 mmmmmmmmmmmwmmmdwmmm

11 2674 12 2699 ι
91 2642 196 2731 δόγμα
229 2638 409 2724 καταλαβόν
432 2638 531 2706 αύτόν
551 2642 596 2720 είς
615 2641 671 2724 τὴν
688 2633 887 2766 Ἀντιόχειαν
918 2642 956 2730 τῇ
980 2643 1038 2704 τού
1060 2639 1194 2761 αἵματος

11 2764 12 2845 3
94 2767 224 2834 φρουρρ
210 2744 464 2827 παραδέδωκε,
486 2741 541 2808 καί
560 2735 601 2828 ἧν
620 2738 811 2830 ἔμφρουρος
826 2743 879 2809 ε’πί
896 2740 1011 2829 χρόνον
1031 2740 1101 2808 τινὰ
1123 2745 1194 2808 κατ’

160 2913 189 2971 4.
208 2915 415 2989 Νιτομηύίωςῗ
499 2915 525 2968 8.
541 2918 685 2990 πολεμίων
703 2916 732 2970 0.

11 3090 12 3095 =
92 3060 199 3122 lineae,
225 3072 284 3107 cnm
302 3063 438 3109 tortuosus
457 3064 599 3124 appareret
628 3064 655 3108 et
681 3055 856 3108 calumniator
877 3064 904 3107 et
920 3056 1085 3110 machinator
1104 3057 1194 3109 malo.

92 3146 156 3195 rum,
178 3131 217 3184 ita
233 3137 263 3180 ut
282 3129 361 3179 etiam
385 3129 417 3180 de
436 3129 574 3197 Augustae
602 3127 733 3179 adulterio
763 3128 913 3179 convicium
937 3130 996 3196 regi
1015 3130 1194 3182 insusurraret

49 3250 58 3266 ,
92 3203 193 3255 invidia
219 3209 364 3256 commotus
383 3200 522 3253 Michaelis
547 3199 695 3264 Nicomedi,
715 3199 760 3269 qui
787 3215 845 3250 curn
867 3212 898 3249 eo
924 3199 1060 3252 serviebat
1080 3208 1105 3250 et
1124 3215 1192 3268 age·
1258 3208 1259 3216 ¹

92 3274 144 3339 het,
164 3290 181 3326 a
199 3273 275 3341 regia
293 3272 399 3340 quidem
425 3272 487 3324 aula
505 3273 628 3327 dimissus
649 3280 705 3335 est,
734 3271 787 3322 dux
805 3277 892 3329 autem
911 3253 1071 3322 Antiochiae
1091 3269 1192 3324 Goele-

93 3346 221 3412 syriensis
239 3343 408 3408 declaratus,
427 3360 462 3396 ne
481 3345 522 3397 his
542 3346 649 3413 quidem
666 3343 786 3411 partibus
814 3343 969 3394 intentatam
989 3351 1016 3395 et
1033 3342 1192 3396 inturbatam

92 3417 346 3471 administrationem
364 3415 489 3501 reliqpit·
508 3415 691 3469 simulationes
716 3414 874 3467 infestorum
893 3424 1020 3483 apparatu
1039 3413 1192 3484 pracsidio..

92 3507 146 3542 rum
178 3505 323 3543 conserens
344 3497 370 3541 et
389 3490 507 3542 excitans
527 3487 692 3551 Saracenos,
711 3495 741 3538 ut
760 3486 857 3553 oppida
876 3487 988 3539 adverse
1008 3494 1147 3540 struerent
1159 3485 1193 3538 ad

92 3564 160 3615 arcis
180 3552 324 3631 impetum,
351 3568 377 3612 et
404 3577 463 3612 curn
491 3559 595 3612 bellare
615 3568 706 3612 contra
733 3559 782 3612 hos
809 3558 854 3610 vel
881 3559 1019 3612 debellare
1047 3575 1101 3612 non
1127 3572 1193 3626 pos.
1261 3549 1264 3559 '

92 3644 150 3700 set,
176 3635 209 3687 ad
235 3634 387 3686 bellandum
415 3642 507 3686 contra
534 3631 649 3685 Graecos
676 3639 702 3683 et
723 3631 900 3692 resistendum
925 3632 1004 3685 urbes
1034 3632 1193 3685 Graecorum

93 3707 188 3760 linibus
208 3707 312 3759 vicinas
333 3705 474 3757 excitabat.
495 3704 541 3757 sed
553 3720 588 3757 ne
607 3704 746 3789 indigenas
765 3704 871 3776 quidem
885 3705 1081 3758 Antiochenses
1102 3704 1193 3773 quiete

94 3788 119 3831 et
136 3781 207 3845 sine
214 3777 347 3830 molestiis
366 3793 448 3846 agere
458 3778 551 3842 sivit,
570 3778 648 3829 modo
665 3777 742 3828 honis
761 3773 909 3844 spoliatos,
928 3777 1006 3829 rnodo
1025 3775 1193 3845 erogationi.

93 3851 139 3904 hus
161 3832 310 3902 temerariis
329 3856 458 3918 gravatos
472 3850 632 3916 tributisque
658 3846 819 3900 crudelibus.
859 3848 904 3916 qui
924 3848 975 3899 hoc
993 3864 1103 3899 munere
1123 3863 1192 3897 exu-

94 3930 133 3974 tus
151 3937 215 3974 mox
234 3922 339 3984 iterum,
359 3929 389 3972 ut
408 3929 483 3971 eraut
501 3923 559 3972 eius
579 3922 624 3988 qui
644 3927 698 3970 tum
718 3919 846 3987 regnabat
866 3919 1024 4001 praecipitia
1045 3926 1071 3970 et
1089 3917 1194 3970 turbida

95 3993 216 4056 consilia,
234 3995 263 4044 in
281 3993 424 4044 secundam
442 3994 537 4046 missus
556 3991 750 4059 praefecturam
770 4005 824 4040 non
842 3991 971 4042 minorem
992 3989 1080 4041 attulit
1099 3990 1192 4073 pravi-

93 4074 182 4118 tatem
219 4079 285 4133 rege
303 4071 407 4115 mortuo
428 4072 455 4115 et
473 4065 593 4132 Augusta
610 4077 722 4130 regnum
740 4063 854 4144 adepta,
873 4064 948 4113 varia
968 4061 1017 4112 fuit
1036 4063 1145 4130 pessimi
1166 4069 1193 4112 et

94 4137 261 4190 iniustissimi
282 4135 397 4188 hominis
416 4136 530 4187 fortuna.
550 4135 707 4201 rescriptum
727 4133 798 4184 enirn
816 4135 1014 4200 imperatorium
1032 4132 1193 4186 Antiochiae

96 4223 154 4260 eum
174 4207 402 4276 deprehensum
395 4224 423 4260 m
440 4205 549 4303 vincula
567 4215 690 4276 tanquam
717 4219 902 4273 percussorem
921 4205 1046 4272 coniecit,
1066 4212 1094 4258 et
1111 4203 1194 4292 iacuit
1252 4263 1259 4274 ¹
