2967 4825
565 208 782 312 'mmm
872 264 876 272 ·
1151 238 1224 325 ιιι

127 422 328 483 προεντυχαν
348 401 471 487 πληθύι
490 404 591 491 πολλῇ
610 402 752 486 μεγάλας
780 402 835 479 uic
859 393 1080 489 ἀνδραγαθίαις
1101 404 1136 471 δτι
1155 428 1227 488 χοι-

126 497 181 584 ρὸς
202 499 428 587 οἷπειρνόσατσ.
472 506 615 589 προϊόντι
636 507 672 571 δὲ
693 506 737 592 τῷ
762 513 891 591 βασιλεῖ
909 507 1031 571 ε’κελθεν
1051 508 1126 588 μεθ’
1148 503 1255 589 ῆμὲιῐ·
1275 509 1327 566 192
1341 524 1366 565 r·

125 626 184 687 ρας
206 600 293 677 τινας
315 604 465 669 αἰιαντῶν
486 609 542 671 καί
561 607 785 690 δουλοπρεποὸς
800 600 922 673 ἅπαντα
937 605 1147 691 ποιησάμενος
1168 633 1227 675 συ-

125 701 247 767 νείπετο
280 706 325 791 τῷ
355 709 505 786 βασιλεῖ,
539 704 594 770 ιιαι1
621 704 721 784 αιῖτός
741 706 865 792 ὀλίγους
890 704 979 782 τινας
1008 711 1071 773 τῶν
1105 706 1227 774 noenta

101 807 371 885 5οιρατιαιτῶν’
355 800 564 889 οπαγόμινος
586 805 659 882 τους
678 805 739 915 yde
762 802 877 883 ἄλλους
899 811 1065 875 κατέλιπεν
1083 803 1166 885 οἰς“
1150 830 1226 893 οπερ

128 903 294 988 ἐπεκράτει
320 911 379 971 τοῦ
401 911 661 992 Μαυρσκαστρου
694 909 862 1005 φρούριον,
885 912 929 985 εἷς
949 912 1005 975 ἕνα
1026 913 1089 975 ταῖν
1107 909 1227 994 ἰιΑρμι

123 1006 242 1070 νιακοόν
271 1001 375 1071 τόπων
406 1010 460 1073 τ’πι
480 1010 584 1096 λόφου
609 1012 753 1093 κείμενον
784 1009 913 1096 ὑψηλοῦ
936 1036 987 1077 και
983 1007 1227 1095 δυσκατεργά-

124 1128 210 1171 στου.
256 1108 440 1192 διαβληθεις
464 1110 501 1174 δὲ
521 1108 601 1193 πρὸς
629 1111 685 1174 ιὸν
706 1115 843 1192 βασιλέα
871 1136 915 1187 ιυς
935 1113 1071 1193 μελετῶν
1092 1134 1144 1175 και
1164 1136 1228 1175 αυ

124 1212 176 1283 θις
201 1203 291 1288 αἰμόν
311 1232 341 1273 τι
362 1203 461 1273 κατ’
438 1236 573 1277 απιστσν
592 1210 669 1277 κατοὶ
687 1208 741 1297 την
764 1214 882 1280 σι’κειάν
903 1212 1007 1298 φυλήν
1029 1207 1142 1297 (φύσει
1163 1210 1225 1297 γὰρ

86 1301 258 1373 walamer
290 1309 324 1375 τὸ
348 1314 435 1393 γένος
456 1316 517 1375 τῶν
539 1312 730 1400 Φρόνησιν),
762 1314 817 1379 καί
839 1308 887 1379 ὅτι
917 1314 978 1396 ου’χ
1002 1313 1019 1397 ἤ
1044 1317 1228 1399 προαίρεσις

124 1410 193 1475 ἀλλ’
219 1409 323 1493 ἦταῑν
353 1408 488 1498 ἑταίρων
517 1417 619 1480 αὐτοῦ
648 1416 789 1503 α’πσυσιά
812 1413 868 1500 τήν
890 1414 1048 1500 ἀναβολήν
1068 1423 1156 1479 ποιεῖ
1171 1418 1228 1482 τοῦ

122 1509 166 1595 μή
190 1513 366 1578 ἐπιθέσθαι
384 1517 427 1601 τῷ
450 1520 589 1596 βασιλεῖ,
611 1514 710 1581 πολλα
734 1512 1014 1602 καταμνιοσθτις”
989 1540 1033 1593 ισς
1054 1516 1230 1602 α’χᾶριστος

124 1638 176 1679 και
172 1615 366 1698 θεομισής,
391 1618 513 1681 ἐκεῖθεν
539 1616 736 1706 ἀπεπέμφθη
758 1621 817 1684 τοῦ
838 1619 1074 1703 στρατοπέδου,
1103 1644 1147 1700 μη
1170 1642 1230 1684 κα-

124 1717 239 1797 θαραῖς
271 1718 495 1798 α’τιτλτγχθείς,
526 1717 718 1803 ὑπονοηθεις
742 1722 784 1792 δὲ
811 1717 866 1784 διαὶ
897 1717 953 1803 τὴν
974 1720 1131 1803 προτέραν
1153 1716 1230 1783 α’πὸ-

86 1828 216 1880 idoneos
238 1839 292 1879 και
321 1815 355 1878 τό
378 1842 465 1901 παρα
490 1820 652 1900 Νιμίτζσυ
683 1818 769 1897 τινὸς
790 1822 851 1905 τῶν
872 1818 1036 1901 ἐπισήμων
1057 1840 1228 1935 κατηγορη-

123 1918 224 1999 θῆναι
249 1920 409 2038 σφοδρῶς.
462 1914 577 1982 σὶιλ’“
565 1928 687 2002 εταῖροι
721 1916 835 1985 τούτου
855 1917 1012 2001 μαθόντες
1035 1916 1070 1984 τό
1092 1915 1228 2001 γεγονός,
1285 1931 1287 1940 ’

123 2039 258 2098 αραντις
273 2018 307 2080 ἐκ
323 2020 379 2081 τοῦ
398 2022 556 2104 φρουρίου
575 2015 631 2103 τήν
643 2024 901 2102 Μεσοποταμίαν
916 2016 1106 2104 κατὴλασαν,
1126 2015 1226 2086 πολλοὶ

122 2115 215 2182 ὅτινα
237 2126 302 2194 τοῖς
327 2115 428 2185 ἐκεῖσε
451 2122 492 2183 δι’
516 2123 691 2206 ἐπιδρομῆς
710 2121 922 2206 ἐργαζόμενοι.

221 2218 308 2284 Ἐπεὶ
329 2220 395 2309 δ’λὸ
418 2223 570 2304 βασιλευς
589 2220 669 2304 μετὰ
692 2212 874 2306 πλήθους
857 2246 929 2306 ηκεν
948 2224 993 2299 εἰς
1016 2220 1075 2305 τὴν
1098 2218 1228 2289 Καισά-

83 2344 226 2407 ςορειαν,
247 2315 316 2411 εἶτα
340 2324 396 2388 καί
416 2328 455 2409 τῇ
475 2326 626 2415 Λαρίσση
648 2325 829 2408 προσέμιξε,
851 2326 905 2389 καὶ
927 2320 947 2408 ἦ
973 2322 1063 2410 φήμη
1083 2319 1142 2408 την
1163 2321 1229 2410 φή-

123 2451 185 2512 μην
211 2421 383 2511 φθάνουσα
406 2417 445 2510 ἧν
469 2425 512 2500 ὥς
538 2427 686 2510 Τούρκοον
711 2429 831 2509 πλῆθος
863 2421 936 2492 Ιὅσον
959 2422 1046 2490 οὗτοι
1067 2428 1143 2492 ποτὲ
1164 2424 1227 2510 apt

124 2523 344 2608 διαστήματος
367 2525 423 2590 οὐκ
445 2526 552 2610 ὀλίγον
574 2533 721 2611 λεηλατεῖ
739 2527 795 2591 καί
821 2533 1011 2611 κατατρέχει
1032 2526 1089 2614 τὴν
1107 2525 1227 2611 χώραν,

125 2630 286 2712 ἐξέπεμψε
318 2632 379 2711 μὲν
398 2633 496 2716 μέρος
517 2656 548 2695 τι
574 2629 629 2714 τῆς
648 2630 800 2713 στρατιᾶς
819 2632 887 2694 κατ’
913 2631 1036 2716 αὐτῶν,
1072 2629 1172 2714 μηδὲν
1191 2629 1227 2695 δὲ

123 2937 222 2992 mgna
236 2923 305 2974 lacta
324 2921 445 2975 cominus
463 2921 589 3006 perfecit.
626 2922 810 2990 progredienti
828 2929 916 2976 antem
937 2922 996 2992 regi
1016 2921 1078 2975 inde
1094 2929 1155 2990 post
1170 2921 1227 2977 dies

125 2996 231 3080 aliquot
247 2994 394 3047 adveniens
414 3001 441 3044 et
459 2994 532 3046 servi
551 2993 634 3045 instar
652 2995 742 3045 omnia
762 2994 865 3047 faciens
884 3003 1012 3063 sequutus
1033 3001 1074 3046 eet
1091 3009 1184 3062 regem
1201 3003 1228 3058 et

124 3070 184 3137 ipse
205 3081 305 3133 pancos
325 3066 450 3133 quosdam
470 3080 576 3117 suorum
595 3064 708 3115 militum
727 3066 871 3118 adducens
908 3074 1013 3118 ceteros
1031 3066 1100 3118 enim
1118 3065 1228 3135 reliquit

124 3141 152 3191 in
171 3139 347 3193 llanrccastri
367 3138 410 3187 cui
435 3136 581 3203 imperabat
599 3135 758 3188 castellnm
781 3152 835 3189 uno
866 3137 1083 3189 Armeniacorum
1108 3137 1228 3192 locorum

124 3213 177 3264 sito
198 3213 227 3261 in
245 3209 317 3261 colle
337 3208 392 3260 alto
417 3217 443 3259 et
464 3207 653 3258 inaccessibili.
691 3209 825 3259 incusatus
844 3216 931 3259 autem
951 3208 1020 3292 apud
1042 3224 1133 3276 regem
1153 3209 1228 3276 quasi

124 3283 298 3335 meditaretur
317 3282 396 3332 etiam
410 3296 500 3332 rursus
519 3279 628 3330 crudele
642 3279 705 3346 quid
724 3288 752 3345 et
770 3279 895 3331 infidum
888 3295 916 3330 ιιι
929 3281 1012 3346 ipsius
1032 3281 1151 3332 centuria
1162 3283 1227 3346 (na.

125 3365 185 3407 tura
215 3354 285 3404 enim
318 3352 426 3403 infidum
458 3366 542 3420 genus
566 3350 748 3435 Francorum)
778 3359 804 3402 et
833 3352 904 3419 qnod
936 3366 990 3402 non
1022 3351 1146 3402 voluntas
1180 3351 1228 3402 sed

126 3428 272 3479 amicorum
296 3425 353 3475 eius
373 3423 493 3475 absentia
520 3423 705 3474 remissionem
725 3423 864 3487 efiiceret,
893 3423 1033 3491 quominus
1056 3422 1228 3474 insidiaretur

126 3499 206 3567 regi,
226 3495 305 3547 valde
324 3496 483 3547 diiudicatus
503 3502 532 3544 ut
550 3496 669 3561 ingratus
688 3502 715 3544 et
733 3494 924 3558 decimiana,
953 3494 1015 3546 inde
1039 3494 1162 3546 dimissus
1187 3499 1228 3544 est

127 3570 269 3621 exercitu:
288 3583 343 3618 non
361 3582 427 3634 pure
447 3568 596 3630 convictus,
616 3567 663 3618 sed
681 3575 822 3632 suspectus
841 3573 951 3632 propter
971 3567 1088 3633 priorem
1106 3565 1227 3632 pravita-

126 3650 180 3694 tem
200 3649 226 3692 et
244 3641 307 3707 quia
325 3655 341 3690 a
358 3638 480 3692 Nemituo
500 3637 612 3706 quodam
630 3636 775 3690 illustrium
803 3645 942 3690 accusatus
974 3645 1030 3689 erat
1054 3650 1226 3706 magnopere

127 3713 206 3766 amici
225 3719 312 3762 autem
331 3710 408 3762 huius
427 3718 567 3777 postquam
585 3709 745 3762 audiverunt
763 3725 828 3774 rem,
842 3709 957 3776 proiecti
976 3726 991 3760 e
1010 3707 1122 3762 castello
1136 3709 1226 3762 Μονο-

127 3785 270 3852 potamiam
289 3783 410 3850 aggressi
429 3790 499 3845 sunt,
524 3780 606 3832 multa
625 3779 693 3831 mala
711 3780 808 3832 incolis
827 3781 982 3832 incursione
1003 3780 1182 3834 lacessentes..

228 3870 281 3924 Sed
300 3885 358 3923 cum
377 3887 426 3923 rex
444 3886 504 3920 cum
522 3867 690 3919 multitudine
699 3869 807 3918 veniret
816 3868 848 3919 ad
858 3867 1025 3932 Caesaream,
1037 3867 1132 3919 deinde
1148 3869 1227 3920 etiam

127 3945 252 3998 Larissae
270 3957 301 3994 se
319 3944 498 4010 coniungeret
517 3949 543 3992 et
565 3940 633 3991 lama
652 3939 746 3990 lamam
766 3946 950 4005 praeverteret
969 3938 1109 3990 l'urcarnm
1133 3939 1226 3991 multi

129 4017 264 4081 tudinem,
284 4022 380 4083 quanta
405 4028 540 4080 nunqnam
565 4019 661 4075 antea,
688 4009 834 4062 intervallo
859 4024 912 4062 non
949 4024 1032 4076 parvo
1057 4011 1173 4078 diripere
1202 4018 1228 4062 et

127 4103 287 4155 percursare
304 4094 417 4150 terram,
435 4083 508 4136 misit
530 4092 631 4151 partem
656 4081 771 4150 aliquem
798 4083 931 4135 exercitus
956 4089 1048 4134 contra
1072 4095 1134 4136 eos:
1158 4081 1227 4135 nilril

122 4167 216 4215 autem
234 4159 418 4228 perficientem
440 4158 488 4211 sed
505 4156 652 4225 fugientem
671 4156 810 4223 excipiens
828 4155 934 4212 missum
964 4157 1109 4207 exercitum
1134 4154 1227 4212 ordine
