2967 4825
445 258 472 305 :
516 191 754 319 ⁸moroan„
1125 229 1204 316 aas

107 409 257 493 ἔμελλον,
284 408 363 496 μήτε
391 407 445 476 τὸν
472 407 585 477 στόλον
613 413 761 488 ἐάσαντες
789 409 1016 494 άκοςλέρνητονς
1033 404 1115 474 otti
1140 407 1200 474 κάν

110 506 206 601 τοάτιρ
230 511 439 598 δροιιγγάριον
461 513 699 598 ἐπιστήσαντες.
772 505 782 514 “

208 604 299 677 Οάτω
320 613 357 676 δέ
374 616 437 677 τάν
461 610 542 678 κατά
564 611 621 697 τὴν
643 612 734 677 πόλιν
756 607 953 697 πραγμάτων
974 609 1123 695 ἑχόντων,
1145 608 1201 676 καί

106 717 257 798 βασιλέως
279 717 529 797 καθαιρεθέντος
558 712 716 780 ὁπλιτικόν
736 710 864 798 ἔχοντος
886 717 921 780 ἐκ
941 713 1144 798 μισθοφορᾶς
1167 712 1201 774 έν

83 818 236 901 5μνρίασι
258 811 579 902 σοναριθμοάμενον,
609 816 664 881 καί
696 819 757 880 τοτῖ
779 814 993 880 Βοτανειάτου
1024 812 1200 894 πολεμικῶς

107 922 160 982 καί
176 921 325 1000 μαχίμως
346 917 404 1002 τήν
425 916 507 998 άπὲρ
531 908 586 1001 τῆς
616 919 721 1001 κοινῆς
753 920 816 982 τῶν
833 917 1000 999 Ῥωμαίων
1031 917 1197 999 ειίετηρίας

107 1019 204 1103 ὁρμὴν
226 1018 464 1103 έξαρτάσαντος,
486 1011 680 1101 ἀναίμακτον
705 1014 791 1083 ἅπαν
811 1019 866 1083 καί
894 1017 1075 1101 ἀνώλεθρον
1102 1038 1199 1082 oost-

106 1117 244 1204 περάνθη
266 1119 302 1186 τὸ
324 1122 536 1201 άποτέλεσμα,
558 1119 601 1198 αἷς
621 1122 704 1206 μηδὲ
728 1115 800 1205 ῥῖνά
820 1143 901 1194 τινος
930 1121 1065 1202 αἳματος
1094 1121 1203 1202 γενέσ-

104 1225 160 1286 θαι
189 1219 382 1312 διάρροχον·
427 1214 505 1305 άπερ
543 1224 656 1306 δεῖγμα
684 1226 740 1306 τῆς
770 1225 816 1297 εἰς
846 1219 922 1286 θεὸν
942 1221 1043 1286 odiosi
1064 1224 1329 1293 attestaretur.

65 1341 95 1394 10
105 1327 157 1389 καί
174 1326 230 1408 τῆς
250 1321 285 1389 ἐκ
301 1328 382 1388 θεοῦ
402 1328 630 1407 προχειρίσεοος
651 1322 768 1388 τούτου
791 1321 995 1409 σαφέστατόν
1020 1344 1053 1387 τε
1075 1325 1129 1388 καί
1149 1322 1199 1386 ol·-

103 1430 266 1491 κειάτατον.
310 1426 391 1490 α’λλά
409 1427 444 1491 τά
468 1430 527 1507 μὲν
542 1423 605 1489 άπὸ
629 1427 788 1508 βασιλέοιν
811 1421 905 1505 ἔσχεν
928 1423 945 1488 ά
967 1426 1023 1507 τῆς
1043 1424 1199 1508 θεομὴτο-

104 1550 155 1610 ρος
174 1530 208 1591 ίν
228 1530 429 1612 Βλαχέρναις
452 1525 548 1610 σηκὸς
569 1525 751 1611 ἱερώτατος,
773 1527 828 1592 καί
842 1532 1036 1611 περιέσωσεν
1055 1527 1091 1591 έν
1114 1525 1203 1612 αὐτῷ

1271 1384 1287 1420 l

102 1624 155 1712 την
177 1631 275 1712 τρίχα
297 1626 352 1693 καί
371 1625 427 1693 τάν
450 1626 568 1710 κόσμον
588 1627 854 1711 ε’κτινσξάμενον·
899 1627 955 1692 τόν
978 1629 1007 1691 d'
1029 1625 1092 1692 α’πά
1107 1633 1200 1711 tayo?
1310 1644 1313 1654 ¹

103 1733 203 1795 θετοόν
224 1734 280 1795 καί
299 1729 354 1803 τάν
382 1725 499 1796 τοάτοο
525 1730 744 1815 προασπιστην
766 1733 898 1814 Δαβίά,
927 1729 961 1796 τὸ
984 1732 1043 1796 τοῦ
1063 1723 1203 1813 μεγάλου
1245 1757 1250 1768 ·

64 1858 93 1910 15
102 1823 262 1917 ἓταιρειάρ
264 1854 328 1916 χον
347 1836 534 1918 κεκτημένον
555 1832 729 1918 άφῳίκιον,
755 1827 788 1908 ὃς
809 1831 843 1896 ἐκ
866 1835 1079 1917 παραγγελίας
1101 1829 1202 1894 uduo&

100 1934 156 1995 τοῦ
176 1929 238 1996 άπὸ
259 1935 437 2016 λογοθετῶν
458 1928 510 1996 τὸν
535 1934 690 2018 α’ρχιερέα
711 1935 769 2017 τῆς
790 1931 879 2015 ἱερᾶς
908 1933 1067 2017 τραπέζης
1093 1933 1127 1995 έν
1159 1934 1201 2018 τῷ

90 2034 325 2122 θυσιαστηρίῳ
346 2038 403 2118 τῆς
425 2035 483 2098 τοιῖ
502 2037 579 2098 θεοῦ
600 2033 694 2117 λόγον
714 2037 831 2120 σοφίας
852 2036 967 2117 βιαίοις
997 2032 1199 2113 άνειλκοεεν,

104 2134 210 2211 ον’δείς
238 2141 326 2211 θεῖος
353 2134 449 2217 δόμος
472 2138 599 2216 ἐδέξατο
623 2139 678 2200 καί
707 2140 916 2221 περιέστειλεν
943 2130 1074 2200 ἔνδοθεν
1103 2136 1199 2224 (η’άέ·

101 2241 229 2323 σθησαν
240 2235 302 2319 γάρ
315 2244 502 2321 προσελθεῖν
516 2237 571 2302 καί
594 2231 792 2322 προσροῆναο
814 2239 944 2312 ἐκείνοις
963 2227 1008 2300 ὧν
1022 2232 1081 2320 τήν
1101 2261 1203 2300 κατει-

62 2336 209 2425 γαφογὴν
233 2333 340 2414 ἄλλοις
364 2341 460 2403 αάτοί
479 2339 714 2427 α’πηγόρεοσαν,
734 2337 790 2404 καί
808 2329 852 2403 ὧν
875 2331 967 2423 ι’ίβριν
985 2340 1041 2403 καί
1071 2339 1203 2421 άτιμίοιν

102 2443 137 2505 ἐκ
158 2443 349 2525 προπετείας
373 2439 578 2517 άτασθάλοος
600 2447 781 2529 κατέχεον),
812 2438 894 2507 ἀλλά
915 2442 977 2506 ταῖν
998 2442 1104 2506 ἵππιον
1135 2444 1202 2508 ἐπι·
1297 2456 1299 2459 ’

100 2538 213 2623 βάντες
232 2538 293 2606 σάν
316 2540 431 2625 ὀλίγοις
456 2546 519 2607 τοῖν
541 2544 622 2628 άμφ’
646 2542 764 2625 αὐτοὺς
786 2540 865 2629 πρὸς
888 2535 1026 2627 ἑσπέραν
1055 2538 1203 2628 ἔξιάρμη-

101 2667 173 2709 σαν.
215 2642 270 2708 καί
290 2645 573 2726 καταλαμβάνουσι
593 2643 648 2710 τὸν
662 2644 842 2711 Ῥοοσέλιον
861 2647 907 2721 εἰς
923 2643 1117 2729 Ἡράκλειαν
1139 2634 1206 2727 ἤδη

62 2773 70 2779 ⁴
101 2750 158 2829 τῆς
173 2744 251 2811 κατά
274 2747 339 2811 τῶν
361 2743 539 2813 άντιπάλοον
558 2746 644 2832 νίκης
666 2743 706 2813 τά
727 2746 925 2834 χαριστήρια
948 2742 1086 2811 θάοντα·
1109 2735 1205 2811 dote-

101 3012 169 3063 tinm
187 3010 306 3063 ordinem
324 3010 478 3063 adornaturi
497 3018 582 3075 erant,
600 3025 689 3078 neque
708 3009 821 3062 classem
839 3008 1008 3079 reliquerunt
1025 3011 1085 3064 sine
1103 3008 1205 3079 guber-

102 3092 209 3148 natore,
229 3083 276 3135 sed
296 3084 375 3135 etiam
393 3083 455 3135 huic
475 3084 645 3150 drongarium
662 3084 855 3149 imposuerunt.

204 3178 269 3233 Cum
288 3188 376 3231 autem
395 3179 434 3232 sic
453 3181 481 3232 in
499 3179 566 3230 urbe
583 3194 627 3230 res
646 3179 844 3243 rehaberent,
870 3186 897 3231 et
915 3194 964 3231 rex
983 3178 1103 3232 sublatus
1123 3186 1203 3244 esset,

103 3252 151 3321 qui
170 3248 316 3304 exercitum
334 3253 425 3319 gravis
450 3260 598 3303 armaturae
618 3249 729 3303 haberet
742 3251 879 3303 mercede
906 3252 938 3303 ad
956 3251 1089 3318 myriades
1107 3266 1204 3303 nume.

102 3332 199 3388 ratum,
218 3340 332 3392 cumque
351 3324 505 3376 Botaniates
533 3323 666 3375 bellicose
686 3331 713 3374 et
740 3323 846 3374 fortiter
865 3324 1011 3375 communis
1027 3324 1205 3377 Romanorum

103 3395 198 3449 salutis
217 3396 330 3449 studium
346 3395 517 3464 gubernaret,
536 3397 594 3448 sine
614 3410 710 3447 cruore
734 3396 820 3447 omnis
845 3404 872 3446 et
890 3397 949 3448 sinc
969 3395 1051 3447 caede
1068 3395 1204 3463 perlectus

104 3466 147 3519 'est
165 3470 269 3532 exitus,
296 3468 381 3518 itaut
403 3483 439 3519 ne
456 3483 537 3520 nasus
563 3468 668 3534 quidem
688 3468 842 3534 cuiusquam
867 3468 998 3537 sanguine
1022 3470 1205 3537 tingueretura

101 3539 131 3590 id
151 3541 221 3607 quod
241 3540 427 3591 documentum
446 3541 503 3591 eius
522 3539 584 3590 fidei
604 3539 647 3590 dei
669 3546 696 3590 et
713 3540 821 3591 diuinae
841 3540 983 3591 creationis
1011 3538 1088 3592 huius
1108 3538 1206 3591 certis.

103 3611 198 3663 simum
218 3619 258 3663 est
278 3618 305 3661 et
321 3611 435 3662 maxime
454 3612 609 3678 proprium:
630 3612 678 3663 sed
702 3626 794 3678 regem
813 3610 906 3662 habuit
924 3610 967 3662 dei
986 3612 1075 3664 matois
1094 3612 1122 3661 in
1140 3610 1207 3661 Bla-

103 3682 213 3733 charnis
236 3682 362 3749 templum
392 3684 585 3734 sanctissimum
605 3689 633 3733 et
651 3684 786 3747 servavit,
811 3692 949 3751 postquam
981 3683 1009 3734 in
1029 3698 1061 3734 eo
1081 3682 1207 3751 capillum

106 3762 135 3804 et
155 3762 275 3805 ornatum
295 3755 432 3821 deposuit:
452 3753 616 3822 logothetam
641 3763 729 3806 antem
749 3763 776 3805 et
795 3757 851 3806 eius
878 3763 1104 3823 propugnatorem
1121 3754 1208 3808 Davi-

106 3826 167 3877 dem
185 3827 230 3892 qui
256 3828 344 3893 magni
366 3827 523 3878 societatum
542 3827 616 3877 ducis
636 3826 766 3878 habuerat
790 3827 918 3890 officium,
938 3828 984 3893 qui
1011 3828 1116 3895 quidem
1134 3829 1208 3879 iussu

101 3893 260 3965 logothetae
292 3913 418 3951 summum
444 3898 597 3965 pontificem
625 3914 640 3949 a
676 3905 766 3949 sancta
798 3913 889 3949 mensa
922 3900 950 3948 in
978 3912 1023 3950 ara
1060 3899 1208 3966 sapientiae

102 3970 188 4021 divini
215 3969 292 4021 verbi
317 3972 345 4021 vi
365 3972 500 4033 detraxit,
530 3969 605 4021 nulla
634 3970 724 4020 diviua
752 3970 844 4019 domos
875 3970 983 4035 excepit
1011 3977 1038 4020 et
1064 3972 1132 4023 terit
1163 3969 1206 4020 in.

94 4049 160 4094 tus:
179 4042 261 4093 veriti
283 4043 354 4094 onim
378 4050 440 4094 suut
463 4042 593 4092 accedere
619 4049 645 4092 ot
668 4041 882 4108 appropinquare
912 4039 984 4105 illis,
1011 4056 1120 4111 quaram
1140 4054 1207 4091 oon.

102 4113 181 4182 fugio
200 4112 261 4166 aliis
278 4116 331 4181 ipsi
355 4113 565 4178 interdixerant,
592 4120 619 4165 et
637 4113 665 4163 in
684 4128 749 4181 quas
775 4111 925 4179 superbiam
949 4119 976 4164 et
994 4111 1109 4166 dedecus
1126 4114 1207 4179 impia
1232 4134 1236 4141 -

99 4186 217 4243 audacia
235 4186 398 4242 elludemnta
417 4185 466 4242 sed
485 4200 569 4255 equos
587 4184 763 4242 ascendentes
793 4194 857 4239 cum*
870 4184 964 4255 paucis
981 4198 1090 4243 tuorna
1107 4185 1140 4240 ad
1157 4198 1206 4236 oc-
