2967 4825
248 232 320 308 ns
501 316 503 322 ,
546 225 768 301 mestuus
789 219 1068 314 ιιιιιισιιο,

250 450 256 457 -
349 399 529 469 Μέλλονιυς
551 384 609 457 ουν
634 394 692 457 τοῦ
713 392 871 475 βασιλέως
894 385 948 452 διά
971 408 1028 451 του
1015 381 1244 465 καλουμένου
1260 382 1354 446 πολι

187 489 190 493 ⁴
249 506 341 587 χνίου
366 495 520 581 Κεράμου
542 492 620 580 πρὸς
642 490 699 568 τάς
701 481 825 576 ὄχθας
847 513 903 556 του
890 487 1102 612 Εάφράιυυ
1124 485 1221 565 μέχρι
1243 483 1356 546 Μελι-

249 605 344 726 τηνης
358 598 412 666 τὸν
434 598 547 663 οἰκεῖον
566 594 766 678 διαβιβάζειν
779 590 930 678 στρατόν,
945 588 1135 673 άσάμφορον
1144 588 1246 649 πάλιν
1234 582 1355 702 τοῦτο

250 699 346 778 αάτδς
365 696 661 784 προπετουσάμενος
682 687 932 814 &scurpeus
908 716 951 769 ιος
971 689 1016 774 μὴ
1040 688 1211 769 άναμκαῖου
1233 675 1267 748 δν
1289 703 1356 745 τιον

249 803 400 871 τοιαύταν
421 802 538 886 ἴμεριάν
559 790 778 885 φροντιζειν”
759 798 842 880 ημᾶς
866 792 1144 917 προηρημωμίνοιν
1177 776 1275 851 δντοιν
1299 782 1382 847 και5

248 906 515 1023 περιηρημένων
511 903 631 967 πᾶσαν.
638 896 698 984 την
714 898 887 977 εὐκοσμίαν
911 895 1018 959 ου’τοῖν
1038 894 1072 956 ἐκ
1094 882 1295 975 διαφάρυιν’
1282 910 1356 949 επι-

250 1006 432 1091 δρομολν,’
410 1005 467 1089 αφ’
491 991 536 1066 ὧν
557 1026 608 1065 και
629 1000 743 1074 σπάνις
767 996 897 1079 σ’λεθρία
928 989 1119 1076 συναντήσει
1138 991 1193 1053 και
1213 984 1359 1071 κατατή-

202 1109 205 1118 ’
250 1114 297 1188 ξει
314 1104 348 1172 r6
372 1102 567 1187 στράτευμα.
611 1126 663 1165 και
685 1093 754 1179 άμα
773 1100 915 1181 χρονίσει
938 1092 991 1159 διά
1007 1094 1176 1159 στενωπῶν
1194 1086 1356 1153 τοσσάτιον

250 1209 384 1292 βαδίσαι
403 1208 536 1285 μέλλον,
567 1203 683 1268 καθ’ι
673 1199 706 1266 ἑν
733 1205 797 1266 τῶν
825 1197 1005 1281 υποζυγιοιν
1035 1194 1280 1279 ἠναγκασμένων
1298 1211 1356 1251 sur

251 1310 314 1373 τῶν
336 1304 514 1391 άνθράτιυιν
533 1306 731 1386 διέρχεσθαι.
775 1326 827 1365 και
857 1296 971 1363 τούτου
992 1293 1141 1417 μελήσειν
1161 1296 1284 1371 ἐξεῖπον
1308 1289 1359 1353 ει-
1370 1292 1406 1347 10

252 1405 315 1492 κός,
339 1400 425 1478 ὅπως
458 1404 501 1479 uic
529 1402 670 1486 τάχιστα
700 1409 766 1476 τοῖς
788 1401 930 1464 άπαθὲσι
966 1394 1020 1460 καί
1050 1391 1097 1459 ἔτι
1126 1390 1184 1475 τήν
1204 1387 1361 1456 σάσταοιν

253 1507 364 1591 ἔχουσι
386 1505 567 1585 θέμαοιν’
552 1506 747 1585 επιστιιῖμεν,
767 1500 895 1565 κάκεῖνα
921 1503 976 1583 τῆς
995 1498 1056 1562 τάν
1078 1491 1226 1559 ἐναντίαν
1247 1492 1362 1574 διατη-

255 1608 403 1723 ρησωμεν
431 1604 544 1696 λώβης.
586 1602 704 1687 ταάτης
721 1594 786 1672 todo
810 1604 864 1683 τῆς
887 1599 1013 1683 γνώμης
1034 1595 1282 1681 κεκρατηκυίας,
1304 1588 1360 1655 διά

253 1708 308 1790 τῆς
330 1706 513 1781 Κολωνείας
543 1727 596 1767 και
628 1705 691 1766 τῶν
710 1701 927 1784 Ἀρμενιακῶν
957 1694 1107 1781 θεμάτων
1133 1700 1231 1779 μέχρι
1254 1696 1362 1775 Σεβα-

255 1831 362 1880 στειας
395 1805 411 1869 6
440 1803 593 1887 βασιλεάς
625 1801 684 1869 σάν
709 1806 754 1892 τη]
776 1799 987 1921 στρατεύματι
1010 1795 1210 1923 διεληλυθεν.
1256 1801 1361 1859 εκεισε
1374 1796 1407 1851 15

256 1908 292 1971 dd
313 1903 509 1991 μεμαθηκώς
542 1930 586 1983 οις
617 1928 647 1968 οι
673 1906 810 2026 Τουρκοι
842 1900 1013 2027 προῄεσαν
1036 1903 1090 1966 ε’πι
1116 1894 1274 1965 Πισιδίαν
1303 1900 1363 1961 καί

257 2007 445 2073 Λυκαονίαν
476 2004 656 2081 ἕλαάνοντες
690 2030 742 2068 και
774 2002 818 2079 ὥς
846 2006 891 2077 εἷς
920 2001 1034 2068 σκοπὸν
1067 1994 1303 2081 άπαιεινδμενοι
1324 1994 1360 2061 r6

253 2102 441 2188 Ἰκόνιον,“
414 2130 543 2193 ωρμηοε
564 2132 617 2171 και
638 2103 735 2181 αιλτδς
759 2112 827 2170 κατι
847 2104 947 2190 οὐράν
968 2100 1113 2171 ἐλαύνειν
1135 2102 1244 2165 adroic
1264 2102 1365 2181 μέχρι

256 2210 312 2292 τῆς
332 2212 500 2293 λεγομένης
515 2210 570 2272 τοῦ
586 2208 761 2291 Ἡρακλέας
776 2202 1003 2287 'superducta
1037 2205 1176 2269 ἐνταῦθα
1200 2203 1235 2265 δὲ
1256 2223 1367 2282 μεμα-

259 2306 366 2392 θηκάς
389 2309 437 2398 ,ὥς
467 2308 496 2374 οἱ
523 2314 657 2392 Τοιῖρκοι
679 2306 737 2393 την
763 2311 818 2373 τοῦ
851 2304 979 2373 Ἰκονίου
1002 2309 1163 2371 πολιτείαν
1187 2306 1410 2383 uetustos-20

258 2408 408 2491 φάμενοί
427 2414 572 2494 χρονίσοι
594 2407 698 2499 ταδτη
719 2410 778 2474 oris
800 2410 1045 2494 άπεθάρρησαν,
1067 2402 1206 2480 δεδιότες
1228 2400 1286 2488 την
1306 2403 1365 2468 τοῦ
1427 2420 1431 2428 ·

258 2514 425 2594 βασιλέως
438 2519 507 2576 κατ’
530 2514 637 2576 αιίτιδν
655 2510 829 2592 ἑπιδίωξιν,
852 2511 1034 2593 α’ρόμοιραυ
1057 2513 1116 2590 μέν
1128 2531 1198 2573 τινα
1220 2510 1282 2572 τῶν
1302 2528 1366 2568 τα-

122 2629 208 2688 λλδλ
222 2647 249 2687 v.
259 2610 390 2697 νμάτιον
410 2615 455 2689 είς
471 2616 622 2678 Κιλικίαν
638 2615 823 2700 ἐξέπεμψεν,
842 2615 1082 2699 ἑνωθησομδνην
1096 2611 1139 2698 spi
1160 2611 1217 2694 τῆς
1239 2609 1366 2674 Ἀντιο-

332 2814 358 2870 7.
376 2819 491 2884 κατηἝει
507 2815 538 2882 G,
554 2818 670 2879 καθέξει
687 2816 830 2884 interpres.

360 2989 426 3043 Cum
442 2989 526 3058 igitur
544 2987 630 3042 vellet
647 3004 697 3041 rex
714 3004 763 3056 per
782 2987 916 3056 oppidum,
937 2988 1007 3056 quod
1025 2995 1138 3042 vocatur
1157 2989 1308 3055 Keramon,
1329 2991 1364 3042 ad
1405 3009 1410 3014 ¹

257 3063 331 3129 ripas
350 3060 493 3129 Euphratis
511 3077 596 3130 usque
621 3061 654 3112 ad
672 3061 818 3113 Melitenen
837 3076 912 3112 suum
937 3061 1078 3112 traducere
1109 3063 1276 3126 exercitum,
1304 3077 1361 3112 non

260 3132 327 3186 utile
345 3148 437 3185 rursus
454 3133 506 3185 hoc
524 3149 577 3203 ego
596 3133 683 3184 audax
700 3133 866 3201 significavi:
892 3147 946 3184 non
974 3147 1034 3185 esse
1060 3148 1174 3186 necesse
1204 3147 1254 3184 nos
1283 3141 1365 3185 curae

259 3205 328 3257 tales
347 3213 455 3271 partes,
475 3221 544 3274 quae
562 3206 683 3256 desertae
704 3212 793 3257 essent
813 3211 839 3255 et
857 3202 988 3288 spoliatae
1007 3205 1078 3255 omni
1098 3213 1192 3257 ornatu
1214 3205 1298 3257 variis
1318 3206 1364 3255 in-

260 3277 444 3329 cursionibus:
465 3293 499 3328 ex
523 3277 619 3345 quibus
645 3278 723 3327 etiam
742 3277 834 3343 inopie
862 3273 1016 3357 perniciosa
1041 3289 1185 3329 occursura
1210 3285 1237 3328 et
1264 3277 1365 3329 obten-

226 3348 230 3352 ’
260 3359 318 3401 tura
339 3356 410 3402 esset
429 3351 591 3412 exercitum,
617 3347 749 3415 simulque
776 3347 894 3398 cunctari
914 3355 1052 3414 oporteret
1071 3349 1216 3400 exercitum
1236 3364 1286 3416 per
1301 3357 1366 3400 tan-

261 3430 300 3473 tas
320 3422 457 3489 angustias
475 3434 671 3487 processurum,
691 3435 750 3469 cum
769 3416 876 3485 singula
896 3419 1013 3470 iumenta
1033 3429 1125 3472 coacta
1145 3428 1236 3472 essent
1255 3427 1282 3470 et
1312 3420 1366 3470 ho-

261 3492 346 3543 mines
365 3493 494 3544 transire.
514 3499 593 3558 atque
612 3490 664 3540 hoc
681 3505 775 3542 curare
796 3490 849 3540 dixi
869 3491 1014 3554 decere,ut
1032 3508 1109 3559 quam
1131 3491 1274 3543 celerrime
1291 3493 1367 3544 inta-

262 3564 312 3614 ctis
338 3569 365 3612 et
393 3564 528 3614 etiamtum
556 3562 710 3642 compositis
736 3561 883 3629 provinciis
908 3562 1067 3615 instaremus
1084 3562 1208 3632 illasque
1228 3571 1367 3633 tueremur

261 3634 295 3685 ab
315 3633 429 3684 hostium
449 3634 591 3684 dedecore.
630 3632 680 3681 hac
699 3633 781 3698 igitur
800 3634 932 3684 sententia
953 3635 1131 3701 principatum
1151 3635 1291 3686 obtinente
1318 3627 1367 3702 p'er

263 3703 410 3756 Goloneam
431 3712 458 3753 et
475 3704 649 3754 Armeniacus
668 3704 822 3768 provincias
841 3719 925 3771 usque
944 3706 976 3755 ad
991 3705 1138 3758 Sebastiam
1158 3723 1207 3758 rex
1229 3708 1289 3758 cum
1316 3723 1367 3757 ex-

264 3774 349 3825 ercitu
369 3775 503 3840 pervenit
541 3774 577 3825 ibi
596 3782 683 3824 autem
701 3791 759 3824 cum
784 3774 931 3828 audivisset
956 3775 1052 3830 Tuscus
1078 3779 1246 3845 processisse
1272 3787 1368 3830 contra

262 3845 385 3898 Pisidiam
406 3853 432 3896 et
450 3845 609 3911 Lycaoniam
628 3845 764 3928 profectos
784 3853 811 3896 et
829 3850 904 3914 quasi
923 3849 955 3898 ad
973 3857 1069 3900 metam
1089 3850 1283 3902 contendentes
1302 3849 1366 3902 lco-

261 3919 344 3978 uium,
363 3916 500 3982 profectus
522 3925 563 3969 est
582 3925 609 3969 et
626 3918 684 3983 ipse
703 3933 718 3968 a
734 3926 811 3985 tergo
832 3920 943 3970 veniens
964 3934 1054 3972 eorum
1081 3937 1166 3990 usque
1186 3922 1218 3972 ad
1239 3929 1366 3972 vocatum

262 3987 385 4039 Herculis
413 3989 545 4054 oppidum.
590 3988 626 4038 ibi
651 3997 738 4041 autem
757 4005 816 4039 cum
836 3991 990 4054 audivisset,
1017 3992 1133 4045 Turcas
1139 3992 1225 4046 Iconii
1252 3994 1365 4047 civitate

263 4073 358 4109 eversa
376 4060 477 4112 versari
498 4059 536 4110 ibi
554 4075 608 4112 non
627 4074 706 4113 ausos
718 4076 788 4124 esse,
807 4076 865 4113 cum
883 4071 1033 4115 metuerent
1043 4079 1116 4133 regis
1136 4072 1230 4116 contra
1249 4081 1279 4116 se
1299 4079 1366 4132 per-

262 4131 437 4197 secutionem,
452 4139 556 4197 partem
575 4132 704 4201 quandam
715 4133 862 4189 ordinum
855 4148 882 4184 ιιι
902 4133 1022 4190 Ciliciam
1045 4137 1142 4200 emisit,
1161 4145 1190 4188 ut
1209 4137 1366 4204 coniunge-
