2967 4825
69 226 78 275 r
214 241 349 327 «itt
425 243 428 249 ’
581 249 798 322 urcnlenrs
827 246 1088 320 lmtnrorln

274 425 414 511 q‘yepedre
441 428 498 492 τιό
528 408 703 494 οουλτόνου
736 421 806 489 τινὰ
836 418 1021 505 μετό’τιιος
1053 424 1184 505 μεριιιῆς
1207 420 1375 503 δυνάμεως

274 528 442 611 ἐπιστῆναι
461 530 518 591 καί
539 528 714 591 transsuere
734 523 809 601 τοός
823 526 991 609 ’σποράδας
1016 524 1073 607 τῆς
1089 518 1268 607 Ῥωμαῖκῆς
1291 522 1381 607 ὑπη-

260 632 400 715 ρεσίαις,
424 630 479 693 καί
499 626 681 693 α’πίοιειλεν
702 626 756 692 dne*
775 631 819 717 τῷ
839 623 968 703 τούτους
990 616 1256 711 α’ποιιροόσαοθαι
1272 628 1376 709 Νικη-

275 729 376 817 φόρον
396 730 570 816 μοίγιστρου
593 729 644 797 τόν
659 734 833 811 Βρυέννιον
854 724 932 810 μετὰ
951 730 1006 812 τῆς
1021 723 1177 811 οίριοόοης
1193 726 1375 808 δυνάμεως·

276 826 311 907 ός
332 830 386 895 καί
405 833 486 897 κατὰ
507 833 655 914 με’τωπον
673 830 752 906 στὰς
773 828 1023 913 ἀκροβολισμούς
1045 850 1133 901 τινας
1156 824 1212 890 καί
1231 823 1401 908 lunone-5

271 935 347 1015 χίας
370 934 427 997 cdx
455 933 597 1017 ἀκριβεῖς
628 935 712 1017 (κατ’
742 932 869 1015 ὀλίγους
901 927 961 1015 γὰρ
994 925 1141 1017 ἀλληλοις
1168 927 1375 1012 συνέπιπτον)

272 1033 419 1109 ἐποιεῖτο.
463 1030 506 1100 ’ἒν
534 1036 570 1099 δὲ
602 1037 642 1122 τῇ
661 1033 790 1121 αότότιρ
824 1030 924 1119 ταότη
951 1033 1121 1117 περιφορᾷ,
1142 1033 1205 1093 τεόν
1227 1029 1376 1112 Τοόρκων

271 1133 430 1221 ἑκηβόλων
470 1128 585 1217 όντων,
620 1135 735 1199 πολλοὶ
765 1136 825 1199 τῶν
855 1130 1021 1215 Ῥωμαίων
1062 1132 1395 1215 ε’τραυματιόθησαν,

136 1236 220 1293 Μ98
233 1234 383 1303 tinem
407 1239 442 1301 δὲ
463 1236 518 1301 καί
534 1233 635 1322 ἕτεροι
659 1229 918 1322 (ῥωμαλεώτεροι
939 1231 999 1317 γὰρ
1022 1235 1084 1297 τῶν
1104 1218 1219 1308 όλλων,
1241 1221 1285 1294 ὧν
1306 1239 1378 1304 πεῖ-

271 1362 332 1423 ρον
353 1337 527 1421 όλόβομει,
562 1338 710 1422 Τοόρκων
734 1340 789 1400 καί
810 1331 1005 1418 θρασύτεροι
1026 1328 1297 1416 προσρηγνόμενοι
1320 1330 1377 1396 καί
1385 1344 1420 1397 10

270 1437 464 1523 ἀγχεμάχοις
486 1447 551 1515 τοῖς
572 1441 796 1521 ἐπερχομένοις
818 1434 1128 1519 ἀντικαθίστανται),
1151 1430 1208 1509 ἕως
1231 1427 1246 1498 ὁ
1269 1434 1374 1518 δηλω-

270 1541 339 1615 θείς
353 1540 529 1625 στρατηγός
551 1536 639 1628 φόβῳ
663 1535 885 1611 setensteten
906 1536 1041 1617 όόναμιν
1065 1529 1173 1620 ἑτέραν
1202 1532 1291 1620 παρὰ
1315 1528 1376 1598 τοῦ

269 1645 426 1724 βασιλέως
455 1641 614 1728 ἐζήτησεν.
668 1640 685 1703 ό
718 1642 754 1705 δὲ
775 1637 946 1722 καταγυοός
983 1637 1083 1701 αότοῦ
1107 1632 1226 1701 δειλίαν
1252 1636 1373 1721 (η’γνόει
1449 1658 1452 1665 ·

269 1743 329 1828 γὰρ
353 1741 389 1808 τό
414 1744 549 1828 α’ληθὲς)
572 1746 746 1827 προσέθετο
764 1743 823 1822 μὲν
846 1740 948 1820 ου’όέν,
970 1738 1136 1824 ἐκκλησίαν
1156 1740 1190 1801 δὲ
1210 1736 1373 1822 συστησό-
1474 1766 1476 1773 ’

268 1865 362 1927 μενος
382 1835 600 1929 όόημηγόρησι
626 1844 666 1908 τό
701 1845 777 1926 περὶ
803 1845 859 1906 τοῦ
891 1843 1030 1928 πολέμου
1059 1838 1145 1925 παρὰ
1176 1838 1211 1903 τό
1242 1838 1369 1916 εἰωθός,
1383 1855 1418 1909 15

268 1940 374 2029 ἥψατο
400 1946 435 2011 δὲ
471 1947 526 2010 καί
554 1947 760 2030 τραχυτέραν
785 1942 950 2030 ῥημάτων.
1004 1947 1038 2008 ἐν
1070 1944 1105 2006 dd
1134 1942 1294 2031 τῷὶμὲσηι
1314 1939 1373 2026 την

269 2042 466 2129 ἐπιφώνησιν
485 2044 500 2110 ό
518 2043 624 2130 ίερεός
640 2050 698 2111 τοῦ
717 2048 900 2130 εὐαγγελίου
922 2037 1071 2128 ε’σήμονε.
1115 2043 1190 2128 περί
1206 2034 1244 2106 οὗ
1260 2040 1373 2109 ἔθεντό

269 2168 354 2222 τινες
374 2148 409 2211 όν
429 2153 499 2221 ταῖς
529 2148 676 2231 καρδίαις
700 2146 745 2224 οἷς
766 2144 912 2233 ἔσταισοὶ
936 2150 986 2212 ἐπ’
1018 2146 1106 2234 edepl
1128 2142 1372 2229 λαληθησόμεοα

269 2246 333 2311 τοόν
352 2242 564 2328 ἒπειαιμόνων
582 2248 777 2332 πραγμάτων
800 2251 956 2331 ε’πίβασις.
997 2250 1027 2314 εί
1047 2250 1082 2312 di
1093 2242 1212 2312 τούτων
1233 2246 1288 2311 καί
1306 2246 1372 2309 αό-

188 2410 194 2418 ,
233 2428 239 2437 ,
268 2345 323 2425 τός
342 2350 439 2434 μέρος
458 2346 623 2434 ἐγεγόνειν,
644 2351 702 2416 ουίι
724 2350 895 2435 ἀναγκαῖον
919 2352 1026 2418 εἰπεῖν.
1059 2342 1138 2434 ἐἶχε
1157 2351 1192 2435 dri
1212 2349 1248 2414 τὸ
1273 2351 1418 2433 remp-20

270 2449 385 2532 γίλιον,
406 2447 458 2516 ἵνα
478 2443 579 2517 τᾶλλα
598 2455 703 2535 παρῶ,
734 2449 769 2517 τό
784 2449 840 2515 “et'
861 2455 916 2533 ἐμὲ
937 2451 1164 2536 deliciamur*
1184 2446 1269 2532 όμᾶς
1290 2450 1371 2514 deni-

266 2554 386 2628 ξουσιν.
429 2555 460 2618 αι’
479 2550 535 2650 etp
554 2551 644 2636 λόγον
660 2576 726 2642 μου
746 2549 916 2641 ἐτήρησαν,
939 2553 995 2619 καί
1013 2555 1068 2620 τὸν
1090 2553 1243 2636 ὑμέτερον
1266 2551 1369 2639 τηρη-

266 2674 387 2722 tovers.
430 2649 513 2720 α’λλοὶ
532 2655 634 2720 ταῦτα
655 2652 761 2722 πάντα
784 2653 970 2740 ποιήσουσιν
991 2654 1088 2738 όμῖυ,
1109 2646 1158 2721 ότι
1179 2653 1237 2718 ode
1259 2651 1368 2720 οίόαοι

339 2855 381 2909 19.
400 2870 434 2910 tn
453 2855 615 2928 όττόβασιςλ

266 3039 392 3106 impetum
411 3038 501 3092 iecere
511 3040 616 3107 putavit
636 3047 664 3093 et
682 3039 842 3094 Graecorum
860 3055 954 3094 servos
973 3047 1102 3110 vagantes
1115 3038 1227 3092 lacessi:
1246 3039 1279 3090 ad
1298 3053 1368 3107 quos

265 3110 438 3178 repellendos
456 3111 636 3182 Nicephorum
654 3113 817 3181 Bryennium
835 3115 989 3181 magistrum
1009 3127 1067 3163 enm
1094 3111 1289 3164 sufficientibus
1316 3125 1368 3162 co-

222 3187 226 3191 ’
264 3182 317 3252 piis
335 3184 420 3250 misit,
444 3186 490 3254 qui
512 3186 618 3255 quidem
637 3201 671 3236 ex
688 3187 802 3239 adverso
822 3186 980 3241 constitutus
999 3182 1103 3251 proelia
1123 3185 1223 3235 eminus
1249 3183 1320 3234 iacta
1340 3189 1369 3233 et

266 3263 405 3324 equestres
424 3271 526 3326 pugnas
544 3273 634 3326 neque
654 3265 741 3309 tamen
761 3259 826 3310 certi
844 3257 1004 3309 discriminis
1024 3257 1116 3323 (pauci
1146 3257 1215 3306 enim
1239 3256 1310 3306 inter
1335 3269 1367 3307 se

264 3328 431 3398 pugnabant)
450 3328 518 3381 iniit.
555 3331 583 3381 in
603 3329 652 3380 bac
677 3337 765 3381 autem
783 3330 959 3396 incomposita
983 3328 1155 3380 fluctuatione
1170 3327 1261 3378 'lurcis
1274 3340 1368 3377 armo-

263 3415 320 3451 rum
339 3399 478 3454 missilium
497 3402 668 3469 peritissimis
688 3401 765 3453 multi
784 3401 944 3454 Graecorum
963 3399 1096 3451 vulnerati
1125 3407 1201 3451 sunt:
1226 3399 1369 3465 perierunt

262 3480 350 3522 autem
371 3474 450 3524 etiam
466 3472 526 3524 alii:
549 3473 694 3526 validiores
715 3475 785 3524 enim
805 3473 912 3536 ceteris,
933 3472 1088 3540 quibuscum
1106 3473 1134 3522 in
1154 3486 1246 3522 manus
1266 3471 1367 3523 venie-

260 3543 363 3607 bamus,
382 3542 474 3595 ancis
496 3552 522 3595 et
541 3545 635 3597 lortius
655 3547 777 3613 aggressi
796 3543 841 3597 vel
861 3545 980 3595 cominus
1000 3542 1205 3595 obvenientibus
1226 3556 1255 3594 se
1275 3557 1366 3608 oppo-

262 3621 338 3678 nunt,
357 3614 443 3665 donec
462 3615 515 3667 dux
533 3615 582 3666 ille
601 3624 838 3680 commemoratus,
865 3616 960 3666 timore
979 3613 1129 3682 perculsus,
1151 3614 1217 3665 alias
1237 3615 1330 3680 copias
1349 3627 1367 3662 a

262 3701 329 3752 rege
347 3692 468 3750 peteret:
494 3688 539 3754 qui
565 3688 711 3739 timiditatis
735 3704 795 3738 eum
819 3702 947 3739 accusans
980 3686 1135 3757 (ignorabat
1160 3688 1229 3738 enim
1254 3688 1365 3752 verum)

262 3755 361 3806 addidit
380 3755 486 3822 quidem
503 3756 592 3821 nibil,
616 3758 662 3809 sed
682 3761 813 3812 concione
832 3769 980 3813 convocata
998 3760 1031 3812 de
1055 3759 1135 3811 rebus
1154 3756 1262 3810 bellicis
1282 3772 1365 3824 prae-

262 3834 304 3878 ter
323 3839 423 3877 morem
442 3826 583 3880 disseruit:
602 3829 849 3886 vehementioribus
871 3847 979 3901 quoque
997 3841 1060 3884 usus
1081 3838 1121 3883 est
1139 3830 1239 3883 verbis.
1258 3831 1365 3881 interea

262 3910 328 3948 vero
347 3897 472 3950 sacerdos
492 3900 628 3969 evangelii
647 3917 729 3956 voces
750 3905 888 3971 exposuit,
903 3905 1077 3972 'quamobrem
1096 3903 1202 3971 qnidam
1221 3904 1248 3954 in
1267 3902 1365 3953 animis

262 3969 389 4033 suspicati
409 3979 480 4035 sunt,
499 3970 575 4023 illum
594 3974 621 4023 in
642 3989 675 4024 eo
694 3976 823 4026 dicturum
843 3991 919 4039 csse,
939 3977 1008 4043 quod
1035 3976 1067 4026 ad
1086 3982 1253 4041 praesentem
1273 3989 1364 4024 rerum

262 4046 358 4092 etatum
383 4045 546 4109 pertineret:
573 4060 684 4112 quorum
710 4048 737 4097 in
761 4062 871 4098 numero
896 4063 957 4098 num
982 4049 1040 4115 ipse
1066 4046 1176 4110 fuerim,
1197 4047 1287 4098 dicere
1307 4059 1363 4095 non

262 4117 304 4163 est
327 4125 456 4167 necesse:
483 4116 636 4170 continebat
660 4132 725 4170 rero
756 4117 936 4186 evangelium,
963 4127 992 4170 ut
1017 4123 1107 4173 cetera
1133 4120 1266 4184 omittam,
1292 4117 1364 4168 haec

262 4182 360 4236 rerba:
378 4186 421 4260 ,si
438 4202 480 4241 me
500 4189 635 4255 persecuti
653 4197 724 4255 sunt,
745 4203 793 4242 vos
812 4205 918 4259 qnoque
936 4181 1146 4260 persequentur:
1166 4192 1189 4246 si
1207 4202 1267 4242 mea
1278 4189 1364 4244 verbo
