2967 4825
563 232 772 315 ffloronm.
864 337 897 357 .,
959 181 962 192 ¹
1146 219 1220 309 atr-

121 428 199 492 ρους
220 398 492 487 οἷπεργασόμενος,
513 395 616 476 οδτιος
632 399 678 476 εἰς
699 397 757 483 τὴν
777 395 894 466 ἑαυτοῦ
916 395 1074 466 δοόλιοσιν
1094 396 1222 464 ιιαόπί-
1306 399 1315 412 “

120 513 193 575 στἰν
215 509 407 590 διεθόρμανε
430 504 560 583 καὶτῆς
583 502 687 565 αὐτοῦ
706 505 870 584 βασιλείας
905 499 1043 586 ίριιὸτός
1062 493 1221 583 α’πειργό-

121 633 209 694 σατο,
229 609 273 684 ὥς
296 607 350 672 καί
371 599 502 685 ἄλλους,
524 598 541 666 ὃ
565 603 603 688 δη
628 606 770 689 λέγεται,
800 609 950 688 γενέσθαι
979 606 1012 682 ἐξ
1041 598 1145 668 ἄλλων
1167 603 1221 670 καί

121 720 187 787 τοῖς
209 709 270 776 σόν
287 710 379 796 ,adep
395 705 565 787 Ῥωμαίοις
589 703 771 789 ὁμονοῆσαι,
794 708 849 770 καί
868 709 941 787 μιός
961 707 1112 801 γενέσθαι
1134 727 1221 784 ουμ-
1330 793 1333 803 1

99 816 226 898 όφυίας
248 815 311 877 καὶ-
326 803 510 883 δεσποτείας
530 810 564 872 ἐν
577 809 623 894 τῇ
643 802 756 873 ἓνοόσει
784 809 843 890 τῆς
862 807 994 882 πίστεως
1015 805 1071 872 καί
1091 807 1235 890 εἶλικρι-.

123 917 195 989 νοός
215 916 402 986 διαθέσεως.
458 912 530 973 τότε
560 905 621 993 γὰρ
655 907 860 992 πεπλήρωται
885 906 919 973 τό
948 905 1154 994 προφητικόν,
1177 900 1226 970 ότι

125 1011 286 1099 πρόβατον
307 1011 389 1104 μετὰ
414 1009 518 1077 λόκων
538 1006 858 1097 συμβοσκηθὴσονιαι
881 1009 934 1075 καί
949 1006 1122 1096 παρδάλεις
1143 1003 1225 1091 μετό

125 1114 257 1203 ε’ρίφοον.
420 1202 423 1209 ¹
892 1182 901 1192 ,

225 1219 296 1282 Καί
316 1218 349 1282 εί
368 1216 402 1283 τό
425 1221 596 1301 ε’ντεόθιν,·
622 1221 817 1303 στρατιώτας
833 1222 1010 1305 Ῥωμαίους
1030 1226 1098 1304 μετ’
1120 1220 1228 1288 αὐτῶν

87 1316 142 1385 1οό
165 1316 380 1404 Βατανειότης
411 1319 658 1405 παραμετρῆσας
680 1321 735 1384 καί
755 1326 850 1404 μιξας
881 1326 914 1388 ἓν
936 1319 1055 1400 αότοός
1076 1326 1227 1408 πεποίησο

124 1418 288 1502 σόνεαγμό
312 1443 345 1484 τε
380 1422 435 1485 καί
463 1417 671 1503 στράτευμα,
701 1429 756 1487 καί
787 1424 832 1498 είς
854 1422 912 1507 τὴν
935 1422 1106 1508 ἀντιπέρας
1126 1413 1227 1506 όχθην

128 1522 184 1602 τῆς
203 1519 437 1606 βασιλευούσης
470 1523 660 1593 (ἐπέστειλεν.
697 1522 739 1589 ὀἳ
757 1528 812 1590 καί
831 1523 1059 1611 προελθόντες,
1081 1526 1137 1590 καί
1153 1523 1228 1608 περί

122 1620 180 1705 τὴν
203 1622 399 1708 Χαλκηδόνα
422 1621 476 1688 καί
495 1620 703 1706 Χρυσόπολιν
732 1623 904 1708 πηξάμενοι
926 1624 982 1702 τός
1005 1628 1132 1712 σκηνοὶς,
1153 1619 1227 1706 όρτι

122 1726 180 1787 τοῦ
200 1725 339 1806 μοιρτίου
361 1722 459 1809 μηνός
481 1729 534 1808 τῆς
554 1723 686 1810 πραότης
715 1728 907 1803 ἰνδικιιιόνος
936 1729 969 1792 ἐν
997 1735 1066 1803 ταῖς
1087 1723 1228 1812 πραόταις

84 1834 113 1904 li
122 1826 300 1901 καλάνδαις
320 1824 545 1910 τυγχάνοντος,
576 1826 694 1912 πολλήν
717 1832 881 1914 θυμηδίαν
910 1837 974 1904 τοῖς
995 1830 1136 1902 πολίταις
1157 1828 1227 1910 dvri-

121 1952 191 2010 καν,
213 1930 376 2010 μαθοῦσιν
390 1922 440 1991 ότι
461 1931 519 1992 τοῦ
531 1918 741 1995 Βοτανειότου
762 1921 1037 1996 α’πόστολοιοότοι
1055 1931 1110 1994 καί
1127 1944 1255 2011 προ-ί.
1275 1945 1326 2002 226
1336 1961 1358 2000 r.

122 2033 233 2094 τιιόται
256 2033 438 2109 κατέλαβον.
493 2023 577 2114 ἦραν
606 2029 668 2115 γόρ
700 2030 813 2117 φωνην
839 2026 983 2108 όπαντες.
1017 2028 1072 2096 καί
1091 2025 1226 2114 χόριτας

123 2131 279 2212 όπόνιμον
301 2133 346 2217 τῷ
368 2132 444 2218 θεῷ,
464 2129 578 2197 καθότι
598 2133 777 2214 Ῥωμαϊκὰς
805 2129 890 2200 εἶδον
912 2132 1065 2217 δυνάμεις
1086 2134 1142 2198 κοί
1159 2155 1227 2197 τοι-

125 2233 211 2295 αῦτα
229 2231 495 2314 περιπετόσμαια
517 2237 560 2322 τῷ
580 2231 663 2322 τόπρι
698 2233 796 2324 τοότρι
819 2232 1069 2320 ἐπιδημήσαντα.
1111 2230 1228 2314 χρόνος

85 2329 182 2418 νογόρ
204 2328 426 2417 παρελήλυθεν
446 2330 553 2410 ἱκανός
570 2334 628 2421 dp’
650 2327 726 2413 όιρυ
737 2333 916 2418 Ῥωμαίους
939 2334 997 2398 ουίι
1017 2331 1111 2419 ἔσχεν
1133 2332 1149 2395 ό
1172 2327 1228 2396 τό-

125 2457 181 2509 πος
203 2433 318 2507 ἐκεῖνος
341 2434 555 2521 ἐπιφανέντας
585 2434 619 2500 τό
638 2436 780 2501 σόνολον.
835 2436 983 2523 Τσόρκισν
1004 2434 1064 2521 γόρ
1094 2432 1148 2501 όπί
1165 2438 1227 2500 scir

125 2534 250 2622 ἡμερῶν
265 2537 323 2599 τοῦ
346 2533 488 2622 Μιχαὴλ
523 2540 639 2621 ἐγίνετο
671 2539 867 2623 καταγώγιον
900 2542 956 2605 καί
977 2540 1101 2603 πολλιόν
1125 2532 1225 2619 αἱμό-

128 2660 189 2702 τιον
213 2640 453 2723 Χριστιανινῶν
473 2638 695 2725 μσλυντηριον,
718 2641 772 2705 καί
799 2639 835 2705 τό
859 2643 922 2707 πᾶν
945 2636 1060 2727 ἔρημος
1082 2636 1136 2705 καί
1155 2636 1226 2703 όοί-

79 2956 83 2965 ·
127 2929 208 2981 tiores
226 2927 519 2998 benevolentioresqne
536 2930 651 2982 'reddens
670 2930 707 2982 ita
733 2930 785 2983 sibi
805 2931 837 2982 ad
855 2932 1012 2986 servitutem
1032 2937 1059 2985 et
1077 2930 1155 2985 iidem
1175 2946 1225 2983 ex.

127 3000 222 3052 citabat
242 3008 323 3068 atque
341 3002 382 3053 sui
401 3003 479 3069 regni
497 3009 614 3054 amantes
637 3001 716 3056 lecit:
736 3004 774 3055 ita
792 3011 821 3053 ut
840 3002 986 3067 etiamalii‚
1005 3004 1032 3056 id
1042 3005 1113 3072 quod
1141 3005 1223 3069 aiunt,

128 3073 221 3124 fierent
241 3088 275 3123 ex
295 3071 356 3124 aliis
376 3079 403 3123 ct
425 3089 483 3123 curn
510 3075 567 3126 eius
595 3073 720 3125 Romanis
747 3076 939 3138 consentirent,
968 3082 995 3127 et
1022 3076 1100 3127 unius
1129 3076 1224 3129 fierent
1308 3134 1313 3145 ,

127 3144 323 3196 coniunctionis
343 3152 370 3195 et
388 3144 574 3196 dominationis
593 3145 622 3195 in
640 3145 741 3195 unitate
761 3146 822 3197 fidei
848 3155 874 3197 et
902 3147 1023 3213 integrae
1052 3146 1223 3197 constitutio.
1266 3182 1270 3190 .

126 3218 174 3267 nis.
213 3216 355 3267 tamenim
376 3232 440 3268 vera
459 3218 528 3268 lacta
548 3227 588 3269 est
606 3217 736 3270 divinatio
756 3217 814 3281 illa,
834 3234 900 3271 oves
920 3233 980 3267 cum
998 3218 1071 3286 lupis
1090 3216 1168 3269 simul
1196 3225 1223 3269 et

126 3287 247 3355 pardales
264 3303 324 3339 cnm
340 3287 434 3339 hoedis
451 3298 555 3356 pastum
575 3290 617 3340 iri.

225 3385 294 3449 Quid
312 3385 433 3437 deinde?
468 3386 567 3438 milites
586 3386 719 3438 Romanos
739 3387 849 3439 cuniis
874 3386 1027 3451 Botaniates
1053 3400 1170 3454 aequans
1196 3394 1223 3437 et

126 3457 238 3509 miscens
256 3472 335 3508 unum
354 3459 439 3508 exiis
464 3458 530 3508 lecit
549 3459 666 3510 ordinem
688 3466 715 3509 et
736 3460 882 3510 exercitum
904 3466 930 3509 et
949 3460 976 3509 in
995 3460 1135 3511 adversum
1159 3457 1223 3510 litus
1261 3520 1263 3523 ¹

126 3528 197 3581 urbis
216 3530 305 3581 misit:
326 3530 369 3595 qui
390 3531 468 3580 etiam
489 3531 626 3597 progressi
646 3539 673 3580 et
692 3530 764 3582 circa
784 3529 980 3584 Chalcedonem
1000 3537 1026 3581 et
1045 3529 1224 3596 chrysopolin

126 3603 238 3669 figentes
257 3600 383 3663 tentoria,
404 3617 463 3651 cum
481 3602 558 3654 modo
578 3603 684 3654 adesset
706 3604 805 3654 mensis
830 3602 939 3652 martius
951 3604 1052 3669 primae
1071 3602 1224 3653 indictionis

126 3673 216 3740 primis
237 3670 365 3736 calendis,
384 3671 494 3723 multum
513 3674 638 3741 gaudium
659 3675 763 3727 civibus
782 3675 943 3738 iniecerunt,
971 3688 1029 3725 cum
1055 3673 1225 3725 animadver-

126 3751 222 3807 terent,
243 3743 401 3795 Botaniatae
419 3746 516 3796 missos
536 3744 585 3796 hos
605 3753 633 3795 et
652 3746 751 3798 milites
774 3747 932 3799 advenisse:
962 3745 1127 3798 sustulerunt
1155 3747 1225 3795 enirn

126 3816 267 3867 clamorem
293 3829 385 3868 ornnes
412 3823 439 3867 et
463 3818 562 3885 gratias
590 3817 740 3868 tribuerunt
765 3818 834 3868 deo:
862 3818 924 3886 quia
947 3816 1079 3869 Romanas
1098 3815 1225 3869 ridebant

127 3889 197 3941 vires
217 3895 244 3937 et
261 3885 325 3937 talia
344 3889 478 3955 praesidia
495 3889 528 3940 ad
547 3888 617 3940 hunc
635 3889 724 3940 locum
742 3890 893 3941 advenisse.
931 3897 1034 3955 tempus
1054 3890 1125 3940 enirn
1142 3903 1224 3955 prae.
1247 3926 1252 3929 .

126 3960 233 4011 tcrierat
252 3965 292 4009 sat
316 3975 454 4027 magnum,
482 3976 514 4010 ex
542 3975 595 4028 quo
619 3960 752 4011 Romanos
777 3972 831 4009 non
859 3958 971 4010 haberet
995 3960 1071 4012 locus
1098 3959 1146 4010 ille
1173 3976 1223 4027 ep.

98 4040 106 4057 ⁰
126 4039 248 4099 parentes
268 4032 384 4081 omnino.
404 4032 544 4083 lurcarum
558 4033 627 4082 enim
645 4030 739 4083 diebus
757 4029 896 4082 Michaelis
918 4038 974 4082 erat
992 4030 1177 4085 deversorium
1197 4040 1223 4083 et

127 4103 201 4155 multi
221 4103 359 4169 sanguinis
380 4101 523 4155 Christiani
541 4104 634 4159 sordes
654 4111 681 4155 et
700 4104 808 4154 omnino
830 4101 906 4153 locus
925 4116 1025 4155 vacuus
1051 4111 1078 4154 et
1101 4104 1222 4155 desertus

38 4200 43 4207 ·
128 4182 154 4229 et
170 4175 324 4233 inaccessae
343 4183 409 4231 crat.
432 4181 570 4245 postquam
590 4180 676 4230 arteni
695 4184 750 4230 tnm
774 4180 954 4244 apparuerunt
977 4174 1111 4231 lismonte
1135 4172 1223 4227 dorni-
