2967 4825
415 28 439 69 .

418 197 425 257 ῑ
474 199 478 203 ·
534 181 771 277 ἀετοιυε.
1140 146 1216 281 aaa

107 366 217 448 μαίων
233 363 381 447 beonoc
396 365 700 451 α’ντιλιιμβόνοαθοι,
721 368 833 455 πόρρω
851 376 983 455 θόμενος
1002 375 1058 461 τήν
1076 377 1132 443 τοῦ
1152 382 1217 459 βαψ

109 470 227 541 σιλέως
250 470 388 548 βαθεῖαν
415 466 533 554 ταότην
562 469 727 543 α’τιόνοιαν.
780 470 812 553 οῖἸ
833 476 869 539 δὲ
896 470 1105 553 συνελθόντες
1129 480 1216 568 adad

108 564 153 651 μη
177 570 318 650 θαρρεῖν
350 568 436 656 ου’τηλ
455 566 770 660 παρεγγυησόμενοι,
793 576 824 641 εί
840 576 887 660 μὴ
911 576 966 642 καί
984 582 1049 643 τῶν
1069 572 1216 665 παραοὴ.

108 673 180 749 μων
200 672 259 751 τῆς
276 672 440 751 βασιλείας
460 668 670 757 ἐπενδόσηται
691 674 747 759 την
766 675 981 763 λαμπρότητα,
1004 688 1140 745 ποιεῖται
1162 685 1219 747 κατ’

86 772 205 835 deciso
240 793 297 851 της
319 793 431 852 ,conco
452 772 736 859 μεγαλοφροσύνης
763 780 819 843 καί
845 782 1056 866 κοινωφελοῦς
1076 775 1217 867 damete

76 941 78 943 ,
109 866 293 953 όπόδειγμα
310 868 488 954 ἰιρότιστον,
511 875 566 937 καί
578 875 805 957 περιβάλλεται
823 884 883 959 μὲν
894 882 1047 967 χλαμύδα
1060 883 1114 946 κατ’
1133 880 1217 963 βόσ-Ι

109 992 166 1034 υον
189 972 248 1034 καί
268 967 454 1054 ἁλουργίδα,
479 971 536 1056 την
559 975 587 1037 δ’
608 976 770 1062 εὐφημίαν
791 982 850 1044 τοῦ
869 977 1002 1063 κρότους
1023 980 1111 1063 παρὰ
1134 979 1216 1048 nda-

109 1096 171 1136 των
194 1074 395 1155 εἰσδέχεται,
425 1073 578 1157 δευτέραν
601 1075 737 1164 α’γόντος
763 1083 822 1143 sod
848 1080 973 1145 ἰουλίυυ
993 1079 1089 1167 μηνός
1109 1087 1166 1165 τῆς
1181 1080 1232 1149 α’,

110 1173 308 1247 ι’νδιιιτίωνος
330 1167 447 1237 όπόταν
476 1168 677 1262 όέωσφόρος
705 1174 795 1263 ἥλιος
824 1178 880 1244 τόν
903 1180 1081 1265 ἰσημερινόν
1102 1182 1215 1247 ιιόκλον
1242 1240 1245 1251 ,

71 1268 259 1340 εθέλαόνων
283 1274 505 1357 καθαρώτερον
538 1269 607 1356 ἅμα
635 1279 691 1340 καί
722 1268 942 1365 λαμπρότερον
975 1276 1029 1345 τόν
1058 1286 1215 1367 περίγειον

109 1368 231 1453 κόσμον
252 1374 435 1456 ε’ργόζεται,
465 1375 520 1441 καί
543 1385 608 1453 τοῖς
637 1379 820 1465 ἀνθρώποις
849 1379 907 1465 την
924 1380 1048 1465 η’μόραν
1068 1383 1216 1465 μεγίστην

27 1506 31 1517 ·
109 1474 165 1536 καί
185 1476 367 1557 χαρίεσσαν
388 1478 442 1539 καί
468 1476 732 1561 όττερβλόζουσαν
759 1490 823 1555 τοῖς
845 1481 977 1565 α’γαθοῖς
997 1482 1215 1562 ἀποδείκνυσι,

111 1572 165 1656 ααίΙ
185 1570 306 1654 κόσμον
325 1568 399 1639 dtus
416 1578 560 1661 χαρίτων
584 1578 732 1663 α’ρρητων
756 1578 957 1666 ἐμπίπλησιν.

203 1664 364 1758 ”Apparet
397 1681 566 1761 τοιγαροῦν
594 1682 659 1747 τοῖν
687 1686 846 1761 aconensis
874 1680 1013 1766 ἔργωνό
1038 1688 1106 1760 νόος
1126 1675 1217 1763 οὗτος

67 1770 268 1859 ’λδδεσιιότης
298 1773 353 1839 καί
378 1774 542 1857 βασιλεύς.
597 1783 652 1845 καί
678 1786 806 1864 πρῶτον
826 1785 895 1860 ’μὲν
915 1786 1124 1869 καταπλήττει
1144 1783 1217 1861 τυός

115 1862 259 1950 Οόννους
282 1867 443 1958 ἅπαντας,
476 1873 548 1943 όσοι
577 1878 633 1963 την
653 1877 737 1956 ὲιόαν
764 1885 971 1965 κατέτρεχον,
995 1887 1049 1948 καί
1067 1880 1215 1965 θάμβους
1240 1892 1242 1899 “

112 1979 166 2039 καί
186 1974 325 2059 α’πορίας
346 1983 466 2063 πληροῖ.
510 1985 566 2045 ιιαί
587 1975 703 2065 ἤρξατο
722 1989 855 2066 συρρεῖν
878 1985 927 2047 ἐπ’
948 1980 1048 2048 ἀὐτόν
1068 1990 1214 2049 πλεῖστον

98 2067 192 2163 ’ὅσον
211 2078 388 2161 Τουρκιιιόν
406 2084 527 2164 πλῆθος
550 2082 723 2170 ε’νδουλιιιηῖ
751 2084 794 2167 τῷ
818 2083 1021 2168 φρονήματι·
1067 2088 1216 2169 ’παρῆσαν

113 2174 171 2259 γόρ
194 2175 296 2265 τυότφ
321 2179 507 2262 αὐτόμολοι,
527 2184 582 2267 τήν
602 2186 807 2247 τεδυυλείαν
828 2182 1064 2267 ὁμολογοῦντες,
1083 2182 1216 2268 ναίτην.

77 2277 196 2360 coapta
217 2273 319 2343 αότόν
339 2279 468 2362 όμιλιάν
489 2287 546 2347 καί
566 2280 622 2367 την
642 2278 745 2373 αὐτοῦ
765 2285 845 2349 θέαν
864 2285 1048 2367 ευέργεσιάν
1066 2290 1217 2369 μεγίστην

116 2373 203 2447 εἶναι·
221 2386 471 2466 κατατιθέμενοι.
493 2378 531 2470 ἧν
555 2382 617 2471 γόρ
638 2388 797 2472 θεαθῆναι
817 2388 876 2467 μὲν
897 2384 1115 2472 φοβερώτατος
1135 2383 1218 2467 όμνό

117 2485 170 2548 ιιαί
190 2481 350 2568 ἧδότατυς
371 2489 416 2575 τῷ
437 2509 472 2551 τε
492 2489 731 2573 καταπληκτικηῖ
758 2488 815 2552 τοῦ
833 2491 989 2569 μεγέθους
1012 2489 1066 2550 ναί
1085 2487 1124 2574 τῇ
1143 2486 1232 2552 εἰιι-Ι
1306 2544 1309 2553 s

118 2591 236 2672 φανείη
259 2587 314 2670 τῆς
335 2581 445 2672 ῥώμης
473 2585 528 2652 aot*
553 2591 595 2673 τῷ
616 2588 669 2671 τῆς
692 2579 798 2670 ὄφεως
825 2588 960 2675 χαροπηῖ
978 2585 1032 2651 sos*
1052 2588 1217 2674 α’στριεπηε
1301 2575 1308 2589 ’

218 2788 238 2816 x
308 2785 314 2795 .

19 2882 21 2915 l
118 2886 331 2959 inprudentiam.
370 2883 414 2937 illi
436 2891 524 2937 autem
549 2885 582 2938 ad
601 2901 662 2938 enm
690 2887 884 2940 convenientes
910 2901 969 2938 oum
989 2885 1172 2961 declarassent
1188 2901 1219 2954 aa

120 2961 144 3012 ei
161 2974 217 3012 non
237 2958 384 3010 confisuros
406 2971 485 3022 esse,
507 2957 560 3011 nisi
582 2957 659 3009 ctiam
678 2959 821 3025 insignium
844 2957 922 3027 regni
941 2958 1071 3012 induisset
1089 2958 1219 3025 splendo.
1266 2982 1269 2986 ·

118 3046 195 3095 rem„
214 3030 302 3085 reddit
327 3029 406 3081 etiam
431 3029 484 3087 boc
504 3044 568 3081 suaa
585 3030 809 3096 magnanimitatis
836 3036 862 3079 et
885 3019 1030 3082 comminis
1049 3029 1219 3082 obedieutiae

120 3103 304 3154 documentum
325 3101 510 3165 firmissimum,
533 3109 560 3152 et
578 3100 663 3151 induit
690 3100 801 3166 pallium
820 3107 847 3151 et
865 3100 963 3152 lineam
982 3108 1085 3153 vestem
1107 3108 1134 3152 ct
1152 3114 1221 3166 pura

120 3189 224 3240 puram,
244 3173 431 3225 salutationem
459 3181 546 3224 autem
570 3172 708 3239 potentiae
732 3171 765 3222 ab
791 3171 912 3223 omnibus
938 3172 1055 3238 accipit,
1074 3171 1218 3224 secundum

121 3245 186 3296 diem
211 3253 310 3314 agente
333 3245 403 3297 lulio
428 3258 519 3296 mense
544 3243 697 3295 indictionis
715 3243 744 3306 l,
773 3242 876 3310 quando
904 3242 944 3294 sol
972 3243 1077 3294 lucifer
1090 3241 1219 3307 circulum

121 3318 284 3384 aequinoctii
303 3317 392 3369 ferens
408 3316 492 3383 magis
511 3331 604 3382 purum
623 3313 702 3366 simul
722 3323 749 3365 et
759 3314 967 3380 splendidiorem
985 3323 1121 3366 terrenum
1139 3327 1219 3364 mun.

122 3388 178 3438 dum
197 3390 262 3442 lacit
281 3397 309 3440 et
326 3385 477 3440 bominibus
497 3388 567 3438 diem
587 3386 727 3438 maximum
748 3393 774 3436 et
792 3386 932 3437 iucundum
953 3394 979 3438 et
997 3385 1152 3437 affluentem
1166 3381 1218 3434 bo.
1261 3393 1264 3397 ’

122 3460 161 3511 nis
179 3461 275 3524 reddit,
297 3468 323 3511 et
340 3459 463 3510 mundum
481 3460 638 3512 universum
656 3459 750 3525 gratiis
775 3457 997 3510 inenarrabilibus
1016 3456 1118 3523 implet.

217 3547 335 3616 Auringis
361 3561 426 3615 ergo
455 3546 586 3597 mundana
612 3546 723 3613 negotia
747 3545 876 3598 iuvenilis
902 3538 947 3596 bic
968 3547 1089 3598 dominus
1116 3553 1143 3597 et
1159 3560 1218 3608 rex,

122 3625 197 3686 atque
216 3620 328 3686 primum
349 3619 454 3686 quidem
473 3618 592 3668 concutit
609 3617 718 3670 Hunnos
746 3633 846 3681 omnes,
867 3619 911 3685 qui
926 3617 1056 3670 orientem
1074 3631 1219 3685 percursa.

123 3687 197 3754 baut,
224 3699 250 3741 et
269 3698 379 3756 stupore
398 3697 478 3757 atque
497 3689 662 3740 dubitatione
680 3689 789 3756 implet:
814 3697 894 3756 atquc
922 3691 1012 3756 eoepit
1032 3688 1168 3741 confluere
1186 3687 1220 3739 ad

124 3775 179 3810 cum
207 3761 320 3830 plurima
344 3761 484 3812 multitudo
507 3761 648 3811 lurcorum
673 3763 760 3811 animo
786 3761 899 3814 neuuilit
928 3761 1037 3812 aderant
1062 3762 1132 3812 enim
1157 3760 1220 3810 huic

124 3833 284 3901 transfugae,
305 3835 461 3884 servitutem
479 3833 637 3898 prolitentes
656 3839 683 3882 et
704 3832 761 3882 cios
782 3833 1009 3895 consuetudinem,
1030 3839 1056 3882 et
1075 3834 1131 3882 eius
1151 3845 1219 3882 con.

93 3911 99 3919 ’
125 3913 239 3966 spectum
255 3905 415 3968 beneficium
434 3905 575 3954 maximum
589 3917 648 3954 esse
668 3908 830 3955 statuentes:
850 3909 907 3952 erat
926 3905 995 3952 enim
1015 3903 1143 3968 adspectu
1161 3916 1230 3962 ma„

124 3973 190 4026 xime
213 3975 399 4027 formidolosus
424 3975 502 4027 simul
529 3982 556 4025 et
581 3973 770 4035 suavissimus,
805 3973 950 4024 efficientia
973 3972 1161 4038 magnitudinis
1195 3979 1222 4021 et

127 4057 268 4114 conspectu
287 4048 392 4100 roboria
412 4054 439 4097 et
457 4045 596 4099 oculorum
614 4044 697 4096 alacri
717 4052 744 4095 et
763 4043 870 4112 fulgura
890 4044 1027 4096 emittente
1054 4042 1139 4096 vultu.
1177 4043 1221 4094 di.

126 4112 237 4172 lucidum
257 4119 326 4172 enim
341 4118 442 4172 babens
458 4120 512 4202 orip
531 4114 634 4171 uultum
647 4117 754 4183 integro
773 4115 870 4168 rubore
884 4113 977 4168 oculos
995 4113 1141 4182 praebebat
1158 4127 1222 4182 gra·
