2967 4825
586 256 795 331 mutuata.
1152 264 1235 345 iil
1306 199 1309 205 ἣ

132 446 199 505 ,σαν
218 424 286 507 γῆς.
327 422 350 509 η’
368 423 429 509 γάρ
451 422 571 507 Ἰβηρίο
593 429 711 511 κυρίως
728 422 784 490 καί
803 421 883 509 αἰτή
906 424 1140 516 ᾔΚιλτιβηρίοι
1159 427 1240 513 πρός

132 522 176 592 τά
197 524 336 608 όυσμικό
368 528 450 610 μέρη
479 528 533 609 τῆς
548 524 678 611 Ῥυόμης
704 523 895 611 διάκεινται,
917 523 997 611 πρός
1017 524 1074 593 τόν
1094 524 1239 615 ἑσπέριον

131 620 284 711 ὠκεανόν,
304 619 375 710 ἥτις
398 628 455 690 νῦν
472 626 616 691 Ἱσπανία
636 626 907 712 κοιτωνομάζεται.
951 630 1006 713 τῆς
1023 628 1153 715 Ῥοόμης
1173 628 1237 716 γάρ

131 722 217 811 ὑπὲρ
237 725 295 812 τῆν
313 728 450 793 Ἰταλίαν
470 730 612 811 κειμένης
624 729 662 793 τά
681 731 740 811 μὲν
761 727 842 815 πρός
861 723 948 815 ἥλιον
963 728 1135 814 άνίσχοντα
1155 734 1238 817 μέρη
1294 719 1298 743 '

102 819 202 893 5r'r'au
213 831 244 893 Γ
242 832 350 893 αλλίιιι
371 825 621 912 διονομάζονται,
641 826 680 894 τά
704 832 739 895 δὲ
755 830 834 913 πρός
854 824 943 914 ἥλιον
967 830 1103 897 δυ’νοντα
1123 834 1237 914 μέχρις
1293 878 1307 888 -

120 918 271 993 Ἀλπεων
305 926 389 1013 όριόι
415 923 517 1010 κάτω,
548 923 628 991 όπυυ
648 931 705 994 νόν
727 930 748 1013 ἦ
771 932 929 1012 Νεμιτζίσ
952 934 1158 1015 γνωρίζεται,
1180 928 1237 1011 τόν

128 1025 216 1094 ἴδιον
246 1020 385 1113 άρχοντα
413 1025 497 1115 ῥῆγοι
518 1020 790 1111 κατονομάζουσα.
845 1029 883 1096 τά
900 1024 950 1097 [δέ
971 1034 1052 1118 πρός
1082 1029 1236 1119 ἐγκάρσιαι

127 1133 214 1213 μέρη
238 1132 299 1194 ruia
316 1123 463 1196 Χ’Ἄλπεων
497 1128 540 1205 σός
561 1128 641 1215 πρός
669 1128 759 1197 νότον
781 1126 860 1217 άχρι
891 1137 949 1199 τοό
969 1128 1113 1218 ἓσπερίον
1135 1134 1237 1200 ω’κεα-

127 1233 190 1292 νοῦ
212 1230 333 1320 Ἰβηρίο
362 1233 417 1295 καί
438 1233 634 1316 Κελτιβηρία
657 1233 816 1316 ἐλέγοντο,
838 1235 901 1299 τάν
928 1232 1115 1319 εἰσρεόντων
1135 1238 1236 1303 έκεΐσε

84 1333 286 1422 λῦποταμιόν
308 1334 345 1420 τῇ
363 1329 457 1423 χάρη
477 1336 704 1417 χαρισαμένων
726 1325 817 1400 ravat*
835 1334 871 1400 τό
896 1328 1006 1417 ὄνομα.
1031 1339 1155 1403 ἐκεῖθεν
1173 1340 1234 1421 γάρ

126 1430 186 1498 τόν
208 1435 269 1513 μέν
288 1431 481 1514 βουλόμενον
501 1433 558 1517 την
584 1435 644 1515 μέν
667 1440 900 1522 παρακειμένην
928 1436 1027 1521 οἰκτὴν
1047 1439 1236 1522 παραπλεῖ-

127 1557 185 1599 σαι
206 1531 287 1618 πρός
308 1531 364 1609 τάς
384 1532 470 1599 κάτω
492 1536 631 1612 Γαλλίας
652 1531 669 1598 ό
689 1540 752 1600 τεόν
769 1536 965 1621 Ἡρακλείων
989 1540 1110 1623 στηλοόν
1129 1541 1235 1623 πορθ-

108 1631 191 1715 ,μός
213 1636 387 1718 ἐκδέχεται,
409 1633 464 1700 τόν
488 1638 523 1699 δὲ
543 1634 622 1721 πρός
644 1636 819 1719 α’νατολάς,
841 1641 992 1723 ἐνδοτέρω
1017 1639 1160 1724 δηλονότι
1179 1641 1235 1724 τῆς

124 1735 239 1821 χώρας
259 1737 513 1818 έπεκτεινομένου
533 1740 590 1803 τοῦ
611 1740 770 1823 αἰγιαλοῦ,
794 1739 872 1822 πρός
892 1737 931 1803 τά
952 1741 1035 1825 μέρη
1055 1742 1116 1805 τεόν
1130 1745 1234 1826 Βρετ-

84 1858 115 1911 15
126 1839 266 1903 τιινικσόν
289 1834 391 1921 νήσων
410 1841 587 1923 καθοδηγεῖ
602 1840 658 1905 καί
677 1845 899 1927 προτρέπεται,
921 1831 972 1925 Ιτῷ
994 1842 1030 1904 δέ
1051 1844 1233 1931 βουλομένῳ

125 1937 208 2023 πρός
228 1936 284 2015 τάς
313 1942 374 2004 τῶν
396 1936 566 2024 Μακάρων
592 1942 707 2024 νήσους
734 1941 857 2025 τίπόραι
885 1938 1085 2013 όάπόπλους
1107 1940 1232 2026 α’χανὴς

122 2045 366 2124 παρατείνεται·
421 2042 577 2123 α’πέχουσι
596 2039 656 2126 γάρ
679 2045 735 2125 τῆς
757 2045 813 2125 γῆς
834 2044 950 2125 μέτρον
972 2044 1086 2124 μιλίων
1106 2044 1230 2125 χιλίων.
1323 2034 1332 2051 “

123 2143 184 2205 tto
206 2144 242 2205 δὲ
264 2139 405 2227 αἰνῆσαι
430 2143 518 2223 εἰσίν,
540 2138 577 2207 οὗ
598 2142 677 2208 πολό
698 2143 842 2225 οἰλλὴλων
866 2143 1054 2226 ἀπέχουσαι,
1077 2144 1232 2209 παντοίων

130 2242 266 2331 άγαέλάν
286 2248 342 2308 καί
361 2242 511 2309 ποικίλων
534 2246 680 2330 διηνεκῶς
701 2242 893 2328 βρίθουσαι,
911 2244 966 2308 καί
986 2242 1065 2307 πόαν
1085 2241 1233 2327 μαλακὴν

84 2344 184 2418 20καί
203 2342 309 2431 εάοόιίη
334 2348 375 2409 δι’
397 2342 473 2409 όλου
505 2348 561 2411 τοῦ
583 2342 673 2422 ἔτους
696 2347 883 2434 τρέφουσαι.
928 2346 1145 2434 ἀπῳκισμένοι
1168 2342 1230 2430 γάρ

125 2439 224 2510 οὖσαι
244 2451 300 2530 τῆς
322 2450 472 2532 κοσμικῆς
496 2447 591 2529 ἰλόος,
616 2451 670 2513 καί
693 2452 749 2533 τῆς
770 2451 825 2514 τοῦ
846 2450 940 2532 υἰέρος
962 2447 1138 2532 ἐπιμιξίας,
1160 2443 1230 2530 ἥτις

21 2557 24 2610 ζ
123 2549 159 2611 έκ
181 2549 245 2612 τοόν
265 2547 434 2631 δυσόόμων
453 2550 511 2633 τῆς
537 2552 594 2633 γῆς
616 2549 751 2632 σάχμιόν
776 2551 959 2634 ἐπιγίνεται,
982 2544 1054 2613 οὔδ’
1074 2543 1153 2624 όλως
1173 2569 1230 2630 με.

123 2645 400 2738 ταλαμβόνουσαι,
433 2650 648 2736 ὑγιεινότατον
668 2654 725 2716 καί
754 2644 875 2717 άλυπον
895 2657 959 2728 τοϊς
970 2653 1076 2718 ’έκείσε
1099 2647 1228 2736 ιίνθριόε

205 2820 247 2874 13.
270 2819 301 2875 τό
326 2821 356 2875 0.
449 2817 491 2874 14.
511 2823 748 2896 ἐπεκτεινόμενον
767 2823 797 2877 0.

124 2969 164 3020 rie
185 2966 295 3032 dieitur,
317 2975 344 3019 et
361 2969 419 3036 ipra
431 2968 578 3024 Celtiberia
594 2970 627 3021 ad
644 2970 824 3025 occidentales
844 2978 933 3038 parter
951 2970 1051 3024 Romae
1070 2969 1138 3024 ritae
1157 2977 1227 3036 tunt,

123 3040 156 3091 ad
175 3039 345 3092 occidentale
369 3057 458 3105 mare,
487 3058 555 3110 quae
583 3043 689 3110 quidem
715 3059 787 3094 nuuc
812 3043 939 3110 Hispania
964 3050 1083 3095 vocatur.
1127 3043 1228 3095 Romae

123 3113 194 3162 euim
213 3127 293 3179 supra
313 3110 416 3164 ltaliam
435 3116 504 3166 ritae
528 3119 701 3181 caeparios,
724 3131 793 3182 quae
818 3115 851 3166 ad
878 3113 963 3165 solem
983 3115 1121 3166 cadentem
1142 3127 1228 3180 usque

123 3184 156 3235 all
176 3183 262 3250 Alpes
280 3191 394 3249 montet,
414 3184 503 3238 Gallia
520 3185 642 3249 inferior,
663 3186 707 3237 ubi
725 3201 797 3238 nunc
816 3184 946 3238 Nemitaia
967 3184 1156 3253 cognoscitur,
1175 3184 1227 3235 du..

125 3270 182 3305 cem
201 3271 279 3308 auum
296 3255 388 3323 regem
413 3258 569 3309 nominans:
596 3273 665 3325 qnae
688 3266 775 3309 autem
803 3257 835 3308 ad
863 3254 985 3324 obliquas
1010 3253 1227 3323 partee'Alpimn

124 3327 202 3393 quari
215 3343 236 3378 a
256 3336 334 3411 tergo
353 3329 404 3380 rita
422 3337 483 3382 runt
501 3344 586 3397 neque
605 3330 638 3381 ad
659 3329 827 3381 occidentale
846 3343 927 3391 mare,
947 3326 1035 3379 lberia
1054 3335 1080 3377 et
1101 3324 1225 3380 Celtibe..

120 3399 161 3448 ria
179 3397 347 3464 dicebantur,
367 3417 427 3451 eum
440 3399 583 3452 influenter
602 3400 639 3452 ibi
659 3400 734 3452 lluvii
744 3409 833 3453 terrae
852 3401 945 3451 darent
959 3399 1011 3450 hoe
1028 3412 1144 3450 nomen:
1164 3397 1226 3449 inde

123 3471 193 3521 enim
212 3470 257 3538 qui
284 3471 344 3524 vult
368 3473 492 3525 adiacens
519 3471 582 3525 litua
608 3474 846 3540 praeternavigare
871 3470 904 3522 ad
928 3470 1040 3523 Galliam
1059 3469 1225 3533 inferiorem,

123 3556 181 3592 eum
201 3541 297 3593 fretum
317 3543 508 3596 Herculearum
535 3543 715 3601 columnarum
734 3546 849 3611 excipit:
875 3558 944 3611 quae
966 3547 1053 3594 autam
1072 3540 1104 3593 ad
1132 3541 1226 3593 orien-

71 3676 74 3682 Ι
121 3619 174 3664 tem
194 3615 247 3666 sita
264 3622 335 3680 aunt,
357 3617 385 3667 in
405 3616 533 3667 interiore
552 3623 625 3667 terra
644 3615 677 3666 ad
696 3615 759 3668 litus
780 3623 899 3678 extensa,
921 3614 953 3665 ad
971 3620 1060 3683 parter
1079 3611 1225 3666 insularum
1289 3615 1294 3626 “

120 3683 275 3736 Britanniae
301 3686 401 3738 ducunt
425 3695 451 3738 et
469 3695 628 3739 vertuntur:
656 3687 761 3740 volenti
792 3693 879 3738 autem
903 3687 935 3737 ad
953 3685 1095 3738 Beatorum
1123 3683 1225 3738 insulas

121 3758 257 3820 proficisci
281 3760 420 3826 navigatio
448 3759 537 3827 ampla
563 3759 728 3810 extenditur:
765 3759 860 3811 absunt
886 3757 954 3809 enirn
982 3774 997 3810 a
1023 3765 1095 3808 terra
1119 3755 1226 3808 milibut
1321 3815 1323 3820 y

120 3827 270 3881 milliariier
296 3830 364 3881 duae
388 3839 476 3882 autern
502 3838 564 3882 sunt
587 3828 707 3894 insulae,
733 3845 788 3881 non
810 3829 921 3880 multum
946 3830 1016 3880 iuter
1048 3835 1224 3891 tercurtae,

21 3937 22 3967 3
121 3899 243 3951 omnibus
270 3900 348 3952 bunis
380 3910 407 3953 et
425 3903 508 3954 variis
538 3901 619 3953 valde
643 3901 779 3965 refertae,
810 3908 836 3952 et
854 3899 963 3951 herbam
981 3898 1089 3950 mollem
1110 3906 1137 3950 et
1154 3899 1225 3950 bene

120 3969 239 4022 alentem
259 3987 306 4038 per
324 3980 409 4024 totum
428 3989 524 4027 annum
543 3973 730 4040 proferentes:
759 3979 877 4023 remotae
906 3972 975 4021 enim
995 3969 1120 4022 coloniae
1138 3971 1225 4023 turdis

119 4044 266 4095 mundanae
296 4054 322 4096 et
347 4044 515 4098 admixtionis
542 4046 628 4108 aeria,
649 4059 717 4113 quae
748 4058 762 4092 e
790 4041 859 4094 male
878 4041 962 4093 olenti
984 4049 1072 4092 terrae
1098 4040 1225 4110 squalore

120 4115 212 4180 oritur,
232 4131 399 4186 nequaqnam
421 4118 565 4183 participer
594 4116 793 4168 saluberrimam
821 4121 848 4165 et
873 4113 981 4164 minime
1005 4114 1107 4165 tristem
1126 4111 1224 4167 incolit

120 4184 272 4242 homiuibus
291 4196 318 4240 et
336 4189 433 4256 pecudi
452 4188 535 4242 vitam
552 4188 676 4254 reddunt,
696 4195 723 4240 et
741 4187 975 4240 commorationem
994 4185 1178 4243 suavissimam
1196 4191 1224 4236 et

1186 4261 1198 4285 Α
