2967 4825
267 326 293 383 χ.
467 313 704 383 wnsnruur
734 318 912 383 nnnnsu
942 286 1188 395 prrsum·

81 470 109 532 ’·
201 518 207 521 -
267 484 390 577 verba,
416 508 510 581 quae
535 488 576 563 in
601 511 706 559 usum
735 512 858 559 meum
875 488 1030 559 contulit
1054 488 1109 562 vir
1121 488 1164 557 cl.
1193 497 1362 557 et'orna-

268 608 427 680 tissimus
454 604 660 711 eruditione
687 611 912 707 Laboulaye,
941 611 1153 706 conspirant
1178 634 1262 681 cum
1296 633 1361 679 co-

266 732 640 836 dice.l'arisino,·nisi
665 736 769 832 quod
794 736 1088 809 inllscoriacensi
1115 707 1358 826 deestlolium
1444 768 1451 787 ·

265 882 379 934 unum
407 860 512 935 initio
542 874 578 934 'et
599 861 832 959 abrumpitur
856 886 976 947 sermo
1003 862 1207 957 postrerha
1230 860 1266 928 οἱ
1292 884 1360 929 πο·

262 982 389 1076 libros·
410 979 474 1066 τῆς
500 978 791 1083 στρατοπεδείας
818 983 1080 1081 α’πόσχονται,
1110 1010 1206 1082 quae
1231 986 1359 1081 legun·

263 1120 323 1185 tur
349 1109 387 1181 in
410 1108 493 1183 cod.
522 1107 745 1186 Coisliniano
773 1110 834 1182 fot.
863 1116 933 1182 211
962 1136 1090 1205 verso,
1118 1110 1230 1208 *tertia
1256 1122 1358 1207 parte

226 1311 230 1323 .
263 1233 347 1310 libri
376 1248 412 1307 et
434 1235 589 1333 amplius
608 1236 751 1308 amissa.

363 1359 468 1432 Solus
495 1360 615 1459 igitur,
642 1360 746 1466 quod
769 1358 1145 1454 sciam,Coislinianus
1167 1356 1283 1431 codex
1300 1358 1358 1430 in-

262 1496 399 1579 tegram
428 1485 535 1557 nobis
560 1486 712 1557 servavit
736 1469 922 1557 Michaelis
938 1484 1129 1559 Attaliatae
1154 1483 1358 1570 historiam.

262 1606 389 1703 Neque
415 1609 475 1679 illa
502 1598 654 1706 quidem
681 1608 818 1681 diutius
852 1610 890 1681 io
922 1609 1231 1698 bibliothecarum
1272 1608 1361 1679 late-

251 1732 341 1830 ·bris
367 1708 578 1807 delitescere
605 1732 745 1827 debuit,
771 1759 885 1829 quum
912 1734 1026 1805 multa
1052 1734 1268 1829 aliascripta
1291 1734 1362 1805 mi·

264 1858 365 1933 noris
391 1860 570 1932 momenti
595 1861 691 1961 typis
717 1884 885 1956 expressa
910 1861 992 1933 sint.
1022 1859 1221 1932 Fatendum
1236 1874 1361 1933 tamen

264 2006 342 2056 non
368 2008 544 2080 apparere
571 1986 696 2057 omnia
722 1986 761 2058 in
787 2010 830 2057 ea
856 2010 950 2058 nova
977 1999 1014 2059 et
1039 1986 1211 2059 inaudita.
1270 1984 1362 2057 Mul·

264 2120 323 2179 tae
343 2108 443 2181 enim
460 2086 656 2181 verborum
674 2111 1037 2207 comprehensiones,
1054 2109 1239 2183 interdum
1251 2110 1360 2181 etiam
1472 2195 1473 2204 ἶ

267 2231 426 2328 integrae
453 2234 625 2330 paginae,
657 2234 783 2330 paucis
809 2236 955 2307 mutatis
981 2236 1150 2333 leguntur
1174 2236 1270 2305 inter
1296 2232 1362 2306 ad·

264 2354 467 2432 ditamenta
505 2384 600 2457 quae
636 2360 704 2434 sub
741 2361 893 2435 nomine
924 2360 1071 2434 loannis
1101 2360 1274 2459 Scylitzae
1315 2358 1363 2432 ad

265 2482 399 2566 calcem
434 2481 590 2558 Cedreni
624 2484 720 2557 edita
753 2500 849 2559 sunt.
908 2487 1010 2560 Unde
1042 2486 1085 2558 fit
1122 2501 1164 2560 ut
1195 2487 1360 2583 quaestio

265 2608 350 2686 satis
366 2607 564 2705 implicata,
589 2612 759 2707 quisnam
779 2614 826 2682 sit
849 2612 964 2684 huius·
982 2612 1157 2685 historiae
1181 2614 1362 2709 legitimus
1391 2612 1398 2616 ’

233 2768 239 2774 ·
267 2746 406 2830 auctor,
432 2759 565 2808 novam
594 2734 898 2832 disceptationem
926 2738 1098 2834 requirat.
1152 2735 1359 2810 Cedrenum

267 2860 366 2937 enim
402 2861 482 2954 alii,
515 2862 575 2934 alii
604 2861 795 2960 Scyliuem
828 2862 912 2934 furti
953 2877 1227 2936 accusaverunt:
1263 2888 1363 2937 nunc

263 2984 392 3060 tertius
427 2985 467 3057 in
493 2984 670 3059 iudicium
711 2987 921 3082 supervenit
944 2986 1140 3085 Attaliates.
1197 2987 1272 3060 lam
1308 2989 1363 3059 vir

265 3107 499 3184 doctissimus
527 3112 662 3204 Hosius,
687 3113 861 3209 inspectis
882 3113 989 3185 variis
1011 3112 1184 3209 Scylitzae
1221 3111 1363 3186 codici·
1473 3188 1474 3191 ,

262 3233 351 3328 bus,
376 3236 500 3308 statuit
516 3237 539 3324 ¹)
568 3235 758 3332 Scylitzem
785 3238 945 3334 primum
972 3240 1221 3335 composuisse
1239 3238 1361 3334 Syno-
1472 3214 1475 3225 ⁶

172 3391 175 3398 ¹
262 3359 346 3455 psitt
359 3359 593 3435 historiarum
613 3358 950 3458 aNicephoroa’ord
967 3356 1117 3434 Γενικῶν
1144 3363 1302 3460 Augusto
1314 3361 1363 3442 ad
1473 3342 1474 3355 ἵ

260 3482 372 3563 bsaei
387 3483 567 3562 Comneni
589 3488 785 3584 imperium
808 3493 1035 3582 ann01057,
1062 3514 1173 3584 quam
1200 3489 1274 3561 fere
1304 3490 1362 3560 in·

265 3621 402 3705 tessram
419 3608 605 3690 cedrenus
630 3614 813 3687 transtulit
838 3613 1167 3710 incompendium
1186 3638 1292 3686 suum
1307 3614 1363 3684 hi-

265 3732 452 3805 storicum.
514 3738 643 3809 Postea
675 3761 762 3808 vero
803 3736 902 3808 idem
937 3720 1132 3834 Scylitzes',
1166 3740 1212 3809 ab
1240 3738 1362 3810 Alexio

265 3855 458 3968 Comneno
481 3863 713 3959 curopalatae
739 3888 893 3935 munere
912 3876 1050 3958 auctus,
1059 3864 1248 3935 historiam
1261 3888 1363 3936 suam

261 4191 265 4196 ¹
367 4135 395 4202 1)
415 4129 446 4184 ln
465 4129 611 4186 comment.
634 4133 666 4184 de
679 4131 876 4220 loannehydo
897 4134 968 4202 p.33
988 4136 1017 4186 in
1028 4133 1097 4186 libro
1113 4133 1186 4186 loan.
1203 4134 1282 4188 haur.
1299 4133 1367 4200 Lydi

266 4227 299 4280 de
317 4225 532 4297 magistratibus,
550 4227 658 4282 Parisiis
673 4227 750 4284 1812.
