<?xml version="1.0" encoding="UTF-8"?>
<!DOCTYPE html PUBLIC "-//W3C//DTD XHTML 1.0 Transitional//EN"
    "http://www.w3.org/TR/xhtml1/DTD/xhtml1-transitional.dtd">
<html xmlns="http://www.w3.org/1999/xhtml" xml:lang="en" lang="en">
 <head>
  <title>
</title>
<meta http-equiv="Content-Type" content="text/html;charset=utf-8" />
  <meta name='ocr-system' content='tesseract 3.04.00' />
  <meta name='ocr-capabilities' content='ocr_page ocr_carea ocr_par ocr_line ocrx_word'/>
</head>
<body>
  <div class='ocr_page' id='page_1' title='image "./corpusscriptoru41theogoog/corpusscriptoru41theogoog_0173.png"; bbox 0 0 2967 4825; ppageno 0'>
   <div class='ocr_carea' id='block_1_1' title="bbox 555 250 1315 362">
    <p class='ocr_par' dir='ltr' id='par_1_1' title="bbox 555 250 1315 362">
     <span class='ocr_line' id='line_1_1' title="bbox 555 250 1315 362; baseline 0.011 -24"><span class='ocrx_word' id='word_1_1' title='bbox 555 250 775 341; x_wconf 75' lang='lat' dir='ltr'><strong>auroan.&#39;</strong></span> <span class='ocrx_word' id='word_1_2' title='bbox 1035 338 1037 343; x_wconf 78' lang='grc'>,</span> <span class='ocrx_word' id='word_1_3' title='bbox 1140 272 1209 347; x_wconf 79' lang='lat' dir='ltr'><strong>rar</strong></span> <span class='ocrx_word' id='word_1_4' title='bbox 1308 348 1315 362; x_wconf 78' lang='grc'><strong><em>,</em></strong></span> 
     </span>
    </p>
   </div>
   <div class='ocr_carea' id='block_1_2' title="bbox 66 426 1312 2349">
    <p class='ocr_par' dir='ltr' id='par_1_2' title="bbox 66 426 1312 2349">
     <span class='ocr_line' id='line_1_2' title="bbox 111 426 1215 531; baseline 0.016 -38"><span class='ocrx_word' id='word_1_5' title='bbox 111 426 172 511; x_wconf 74' lang='grc' dir='ltr'><strong>γῆς</strong></span> <span class='ocrx_word' id='word_1_6' title='bbox 194 433 250 497; x_wconf 77' lang='grc' dir='ltr'><strong><em>κατ’</em></strong></span> <span class='ocrx_word' id='word_1_7' title='bbox 269 427 390 520; x_wconf 83' lang='grc' dir='ltr'><strong><em>όσημος</em></strong></span> <span class='ocrx_word' id='word_1_8' title='bbox 410 428 523 521; x_wconf 97' lang='grc' dir='ltr'><strong><em>κρότος</em></strong></span> <span class='ocrx_word' id='word_1_9' title='bbox 543 438 599 505; x_wconf 88' lang='grc' dir='ltr'><strong>καί</strong></span> <span class='ocrx_word' id='word_1_10' title='bbox 625 438 729 510; x_wconf 76' lang='grc' dir='ltr'><strong><em>πάντα</em></strong></span> <span class='ocrx_word' id='word_1_11' title='bbox 749 438 828 526; x_wconf 71' lang='grc' dir='ltr'><strong><em>μετὰ</em></strong></span> <span class='ocrx_word' id='word_1_12' title='bbox 859 444 1009 531; x_wconf 83' lang='grc' dir='ltr'><strong><em>θορόβοιν</em></strong></span> <span class='ocrx_word' id='word_1_13' title='bbox 1030 446 1086 513; x_wconf 86' lang='grc' dir='ltr'><strong>καί</strong></span> <span class='ocrx_word' id='word_1_14' title='bbox 1104 446 1215 513; x_wconf 85' lang='grc' dir='ltr'><strong><em>κινδό-</em></strong></span> 
     </span>
     <span class='ocr_line' id='line_1_3' title="bbox 113 532 1214 631; baseline 0.015 -39"><span class='ocrx_word' id='word_1_15' title='bbox 113 553 177 594; x_wconf 87' lang='grc' dir='ltr'><strong><em>νοιν</em></strong></span> <span class='ocrx_word' id='word_1_16' title='bbox 195 532 370 599; x_wconf 85' lang='grc' dir='ltr'><strong><em>ἐδείκνυτο·</em></strong></span> <span class='ocrx_word' id='word_1_17' title='bbox 413 538 469 602; x_wconf 86' lang='grc' dir='ltr'><strong>καί</strong></span> <span class='ocrx_word' id='word_1_18' title='bbox 489 542 550 617; x_wconf 85' lang='grc' dir='ltr'><strong><em>πῦς</em></strong></span> <span class='ocrx_word' id='word_1_19' title='bbox 573 566 622 618; x_wconf 87' lang='grc' dir='ltr'><strong>τις</strong></span> <span class='ocrx_word' id='word_1_20' title='bbox 646 547 759 610; x_wconf 91' lang='grc' dir='ltr'><strong>θανεῖνΙ</strong></span> <span class='ocrx_word' id='word_1_21' title='bbox 776 543 927 627; x_wconf 75' lang='grc' dir='ltr'><strong>ἐπεθύμει</strong></span> <span class='ocrx_word' id='word_1_22' title='bbox 948 548 1070 627; x_wconf 77' lang='grc' dir='ltr'><strong><em>μᾶλλον</em></strong></span> <span class='ocrx_word' id='word_1_23' title='bbox 1095 543 1115 631; x_wconf 76' lang='grc' dir='ltr'><em>ἢ</em></span> <span class='ocrx_word' id='word_1_24' title='bbox 1146 570 1214 612; x_wconf 91' lang='grc' dir='ltr'><strong><em>τοι.</em></strong></span> 
     </span>
     <span class='ocr_line' id='line_1_4' title="bbox 87 632 1213 732; baseline 0.02 -40"><span class='ocrx_word' id='word_1_25' title='bbox 87 632 205 696; x_wconf 71' lang='grc' dir='ltr'><strong><em>ὀῦτον</em></strong></span> <span class='ocrx_word' id='word_1_26' title='bbox 227 636 308 710; x_wconf 86' lang='grc' dir='ltr'><strong><em>ἰδεῖν</em></strong></span> <span class='ocrx_word' id='word_1_27' title='bbox 330 634 451 725; x_wconf 79' lang='grc' dir='ltr'><strong><em>καλρόν.</em></strong></span> <span class='ocrx_word' id='word_1_28' title='bbox 495 644 550 706; x_wconf 88' lang='grc' dir='ltr'><strong>καί</strong></span> <span class='ocrx_word' id='word_1_29' title='bbox 572 641 606 706; x_wconf 90' lang='grc' dir='ltr'><strong><em>τό</em></strong></span> <span class='ocrx_word' id='word_1_30' title='bbox 637 642 689 727; x_wconf 69' lang='grc' dir='ltr'><strong><em>μη</em></strong></span> <span class='ocrx_word' id='word_1_31' title='bbox 706 648 847 711; x_wconf 74' lang='grc' dir='ltr'><strong>κατιδεῖν</strong></span> <span class='ocrx_word' id='word_1_32' title='bbox 877 644 921 724; x_wconf 82' lang='grc' dir='ltr'><strong>ιῦς</strong></span> <span class='ocrx_word' id='word_1_33' title='bbox 951 648 1083 731; x_wconf 80' lang='grc' dir='ltr'><strong><em>ου’τυχές</em></strong></span> <span class='ocrx_word' id='word_1_34' title='bbox 1104 652 1213 732; x_wconf 86' lang='grc' dir='ltr'><strong><em>ἐνομί-</em></strong></span> 
     </span>
     <span class='ocr_line' id='line_1_5' title="bbox 114 733 1304 834; baseline 0.019 -40"><span class='ocrx_word' id='word_1_35' title='bbox 114 733 194 815; x_wconf 86' lang='grc' dir='ltr'><strong><em>ζετο,</em></strong></span> <span class='ocrx_word' id='word_1_36' title='bbox 220 739 277 800; x_wconf 88' lang='grc' dir='ltr'><strong>καί</strong></span> <span class='ocrx_word' id='word_1_37' title='bbox 296 735 371 814; x_wconf 85' lang='grc' dir='ltr'><strong><em>τοῦς</em></strong></span> <span class='ocrx_word' id='word_1_38' title='bbox 390 740 435 825; x_wconf 69' lang='grc' dir='ltr'><strong><em>μὴ</em></strong></span> <span class='ocrx_word' id='word_1_39' title='bbox 463 742 602 808; x_wconf 86' lang='grc' dir='ltr'><strong><em>τοιοῦτον</em></strong></span> <span class='ocrx_word' id='word_1_40' title='bbox 627 742 753 821; x_wconf 82' lang='grc' dir='ltr'><strong><em>ι’δόντας</em></strong></span> <span class='ocrx_word' id='word_1_41' title='bbox 775 742 816 821; x_wconf 77' lang='grc' dir='ltr'><strong><em>ὥς</em></strong></span> <span class='ocrx_word' id='word_1_42' title='bbox 845 748 990 831; x_wconf 85' lang='grc' dir='ltr'><strong><em>ιῦτνχεῖς</em></strong></span> <span class='ocrx_word' id='word_1_43' title='bbox 1011 746 1212 834; x_wconf 75' lang='grc' dir='ltr'><strong><em>ἐμακάριζεν.</em></strong></span> <span class='ocrx_word' id='word_1_44' title='bbox 1299 804 1304 807; x_wconf 88' lang='grc'>-</span> 
     </span>
     <span class='ocr_line' id='line_1_6' title="bbox 86 837 1215 937; baseline 0.015 -37"><span class='ocrx_word' id='word_1_45' title='bbox 86 848 102 900; x_wconf 76' lang='grc'><strong>5</strong></span> <span class='ocrx_word' id='word_1_46' title='bbox 212 837 293 931; x_wconf 83' lang='grc' dir='ltr'><strong><em>Ἀλλ’</em></strong></span> <span class='ocrx_word' id='word_1_47' title='bbox 315 842 349 907; x_wconf 85' lang='grc' dir='ltr'><strong><em>ἐν</em></strong></span> <span class='ocrx_word' id='word_1_48' title='bbox 361 841 462 930; x_wconf 81' lang='grc' dir='ltr'><strong><em>τοότιρ</em></strong></span> <span class='ocrx_word' id='word_1_49' title='bbox 480 845 606 923; x_wconf 84' lang='grc' dir='ltr'><strong><em>πόθους</em></strong></span> <span class='ocrx_word' id='word_1_50' title='bbox 618 849 678 911; x_wconf 76' lang='grc' dir='ltr'><strong>τῶν</strong></span> <span class='ocrx_word' id='word_1_51' title='bbox 695 846 860 929; x_wconf 86' lang='grc' dir='ltr'><strong><em>Ῥωμαίων</em></strong></span> <span class='ocrx_word' id='word_1_52' title='bbox 884 841 993 933; x_wconf 84' lang='grc' dir='ltr'><strong><em>όντων,</em></strong></span> <span class='ocrx_word' id='word_1_53' title='bbox 1016 850 1072 913; x_wconf 89' lang='grc' dir='ltr'><strong><em>οῦκ</em></strong></span> <span class='ocrx_word' id='word_1_54' title='bbox 1097 852 1215 937; x_wconf 70' lang='grc' dir='ltr'><strong><em>ἠδυνή-</em></strong></span> 
     </span>
     <span class='ocr_line' id='line_1_7' title="bbox 110 936 1213 1035; baseline 0.017 -36"><span class='ocrx_word' id='word_1_55' title='bbox 110 941 215 1024; x_wconf 88' lang='grc' dir='ltr'><strong><em>θησαν</em></strong></span> <span class='ocrx_word' id='word_1_56' title='bbox 235 936 264 1004; x_wconf 79' lang='grc' dir='ltr'><strong>οἱ</strong></span> <span class='ocrx_word' id='word_1_57' title='bbox 288 946 432 1024; x_wconf 75' lang='grc' dir='ltr'><strong><em>πολέμιοι</em></strong></span> <span class='ocrx_word' id='word_1_58' title='bbox 456 944 542 1023; x_wconf 87' lang='grc' dir='ltr'><strong><em>ἐντός</em></strong></span> <span class='ocrx_word' id='word_1_59' title='bbox 561 948 617 1011; x_wconf 87' lang='grc' dir='ltr'><strong><em>τοῦ</em></strong></span> <span class='ocrx_word' id='word_1_60' title='bbox 637 948 779 1031; x_wconf 81' lang='grc' dir='ltr'><strong><em>χάρακος</em></strong></span> <span class='ocrx_word' id='word_1_61' title='bbox 800 951 963 1035; x_wconf 74' lang='grc' dir='ltr'><strong><em>εἰσπεσεῖν,</em></strong></span> <span class='ocrx_word' id='word_1_62' title='bbox 984 950 1213 1035; x_wconf 84' lang='grc' dir='ltr'><strong><em>εῦλαβοῦμτνοι</em></strong></span> 
     </span>
     <span class='ocr_line' id='line_1_8' title="bbox 110 1031 1212 1133; baseline 0.017 -32"><span class='ocrx_word' id='word_1_63' title='bbox 110 1043 166 1104; x_wconf 80' lang='grc' dir='ltr'><strong><em>κατ’</em></strong></span> <span class='ocrx_word' id='word_1_64' title='bbox 186 1031 276 1105; x_wconf 85' lang='grc' dir='ltr'><strong><em>οῦτοι</em></strong></span> <span class='ocrx_word' id='word_1_65' title='bbox 299 1042 334 1107; x_wconf 88' lang='grc' dir='ltr'><strong><em>τὸ</em></strong></span> <span class='ocrx_word' id='word_1_66' title='bbox 357 1044 562 1132; x_wconf 83' lang='grc' dir='ltr'><strong><em>ῦπρόσφορον</em></strong></span> <span class='ocrx_word' id='word_1_67' title='bbox 583 1050 639 1113; x_wconf 84' lang='grc' dir='ltr'><strong><em>τοῦ</em></strong></span> <span class='ocrx_word' id='word_1_68' title='bbox 659 1054 774 1133; x_wconf 77' lang='grc' dir='ltr'><strong><em>καιροῦ</em></strong></span> <span class='ocrx_word' id='word_1_69' title='bbox 807 1052 862 1115; x_wconf 81' lang='grc' dir='ltr'><strong>καί</strong></span> <span class='ocrx_word' id='word_1_70' title='bbox 882 1047 939 1126; x_wconf 83' lang='grc' dir='ltr'><strong><em>τοὶς</em></strong></span> <span class='ocrx_word' id='word_1_71' title='bbox 960 1049 1066 1128; x_wconf 83' lang='grc' dir='ltr'><strong><em>κοινός</em></strong></span> <span class='ocrx_word' id='word_1_72' title='bbox 1088 1054 1212 1132; x_wconf 81' lang='grc' dir='ltr'><strong><em>ἐννοίας</em></strong></span> 
     </span>
     <span class='ocr_line' id='line_1_9' title="bbox 111 1136 1211 1238; baseline 0.014 -36"><span class='ocrx_word' id='word_1_73' title='bbox 111 1142 158 1214; x_wconf 86' lang='grc' dir='ltr'><strong>εἰς</strong></span> <span class='ocrx_word' id='word_1_74' title='bbox 180 1136 314 1219; x_wconf 81' lang='grc' dir='ltr'><strong><em>ἐαυτοῦς</em></strong></span> <span class='ocrx_word' id='word_1_75' title='bbox 339 1144 554 1224; x_wconf 80' lang='grc' dir='ltr'><strong><em>ἐμπλέκοντες.</em></strong></span> <span class='ocrx_word' id='word_1_76' title='bbox 613 1142 649 1213; x_wconf 85' lang='grc' dir='ltr'><strong>οῦ</strong></span> <span class='ocrx_word' id='word_1_77' title='bbox 686 1151 751 1235; x_wconf 73' lang='grc' dir='ltr'><strong>μὴν</strong></span> <span class='ocrx_word' id='word_1_78' title='bbox 780 1150 944 1234; x_wconf 75' lang='grc' dir='ltr'><strong><em>γεγόνασιν</em></strong></span> <span class='ocrx_word' id='word_1_79' title='bbox 971 1151 1211 1238; x_wconf 85' lang='grc' dir='ltr'><strong><em>σ’πισθόρμητοι,</em></strong></span> 
     </span>
     <span class='ocr_line' id='line_1_10' title="bbox 109 1239 1215 1337; baseline 0.015 -32"><span class='ocrx_word' id='word_1_80' title='bbox 109 1240 194 1306; x_wconf 81' lang='grc' dir='ltr'><strong><em>οέλλοὶ</em></strong></span> <span class='ocrx_word' id='word_1_81' title='bbox 210 1246 259 1326; x_wconf 85' lang='grc' dir='ltr'><strong><em>δι’</em></strong></span> <span class='ocrx_word' id='word_1_82' title='bbox 285 1239 359 1330; x_wconf 83' lang='grc' dir='ltr'><strong><em>όλης</em></strong></span> <span class='ocrx_word' id='word_1_83' title='bbox 390 1245 503 1323; x_wconf 87' lang='grc' dir='ltr'><strong><em>νυκτός</em></strong></span> <span class='ocrx_word' id='word_1_84' title='bbox 533 1254 759 1337; x_wconf 80' lang='grc' dir='ltr'><strong><em>περιηχοῦντες</em></strong></span> <span class='ocrx_word' id='word_1_85' title='bbox 787 1242 867 1334; x_wconf 78' lang='grc' dir='ltr'><strong><em>ἦσαν</em></strong></span> <span class='ocrx_word' id='word_1_86' title='bbox 899 1250 986 1327; x_wconf 86' lang='grc' dir='ltr'><strong><em>ἐκτός</em></strong></span> <span class='ocrx_word' id='word_1_87' title='bbox 1010 1252 1139 1336; x_wconf 85' lang='grc' dir='ltr'><strong><em>δρόμοις</em></strong></span> <span class='ocrx_word' id='word_1_88' title='bbox 1159 1255 1215 1321; x_wconf 82' lang='grc' dir='ltr'><strong>καί</strong></span> 
     </span>
     <span class='ocr_line' id='line_1_11' title="bbox 69 1342 1213 1440; baseline 0.013 -35"><span class='ocrx_word' id='word_1_89' title='bbox 69 1354 101 1407; x_wconf 84' lang='lat'><strong>10</strong></span> <span class='ocrx_word' id='word_1_90' title='bbox 110 1342 318 1427; x_wconf 88' lang='grc' dir='ltr'><strong><em>περιδρόμοις</em></strong></span> <span class='ocrx_word' id='word_1_91' title='bbox 346 1347 401 1430; x_wconf 74' lang='grc' dir='ltr'><strong>τὴν</strong></span> <span class='ocrx_word' id='word_1_92' title='bbox 421 1344 588 1429; x_wconf 75' lang='grc' dir='ltr'><strong><em>Ῥωμαιλαν</em></strong></span> <span class='ocrx_word' id='word_1_93' title='bbox 615 1348 843 1440; x_wconf 63' lang='grc' dir='ltr'><strong>παρεμβολήν,Δ</strong></span> <span class='ocrx_word' id='word_1_94' title='bbox 865 1351 967 1432; x_wconf 83' lang='grc' dir='ltr'><strong><em>τόξοις</em></strong></span> <span class='ocrx_word' id='word_1_95' title='bbox 987 1354 1042 1419; x_wconf 81' lang='grc' dir='ltr'><strong>καί</strong></span> <span class='ocrx_word' id='word_1_96' title='bbox 1061 1364 1213 1437; x_wconf 82' lang='grc' dir='ltr'><strong><em>σκαλμοῖς</em></strong></span> 
     </span>
     <span class='ocr_line' id='line_1_12' title="bbox 82 1444 1213 1541; baseline 0.011 -33"><span class='ocrx_word' id='word_1_97' title='bbox 82 1444 279 1525; x_wconf 68' lang='grc' dir='ltr'><strong><em>βάλλοντες</em></strong></span> <span class='ocrx_word' id='word_1_98' title='bbox 307 1451 362 1512; x_wconf 89' lang='grc' dir='ltr'><strong>καί</strong></span> <span class='ocrx_word' id='word_1_99' title='bbox 396 1454 601 1532; x_wconf 84' lang='grc' dir='ltr'><strong><em>πανταχόθεν</em></strong></span> <span class='ocrx_word' id='word_1_100' title='bbox 631 1454 896 1536; x_wconf 79' lang='grc' dir='ltr'><strong><em>περιβομβοῦντες</em></strong></span> <span class='ocrx_word' id='word_1_101' title='bbox 922 1453 976 1518; x_wconf 87' lang='grc' dir='ltr'><strong>καί</strong></span> <span class='ocrx_word' id='word_1_102' title='bbox 996 1459 1213 1541; x_wconf 84' lang='grc' dir='ltr'><strong><em>περιφοβοῦν-</em></strong></span> 
     </span>
     <span class='ocr_line' id='line_1_13' title="bbox 109 1545 1312 1643; baseline 0.014 -36"><span class='ocrx_word' id='word_1_103' title='bbox 109 1568 160 1620; x_wconf 88' lang='grc' dir='ltr'><strong>τες</strong></span> <span class='ocrx_word' id='word_1_104' title='bbox 184 1545 310 1630; x_wconf 85' lang='grc' dir='ltr'><strong><em>αῦτοός,</em></strong></span> <span class='ocrx_word' id='word_1_105' title='bbox 333 1545 376 1624; x_wconf 76' lang='grc' dir='ltr'><strong><em>ὥς</em></strong></span> <span class='ocrx_word' id='word_1_106' title='bbox 397 1545 483 1615; x_wconf 80' lang='grc' dir='ltr'><strong><em>ἅπαν</em></strong></span> <span class='ocrx_word' id='word_1_107' title='bbox 496 1554 762 1637; x_wconf 83' lang='grc' dir='ltr'><strong><em>διανυκτερεῦσαι</em></strong></span> <span class='ocrx_word' id='word_1_108' title='bbox 784 1553 989 1643; x_wconf 80' lang='grc' dir='ltr'><strong><em>η’νεῳχμένοις</em></strong></span> <span class='ocrx_word' id='word_1_109' title='bbox 1010 1561 1066 1621; x_wconf 88' lang='grc' dir='ltr'><strong>καί</strong></span> <span class='ocrx_word' id='word_1_110' title='bbox 1085 1555 1213 1641; x_wconf 79' lang='grc' dir='ltr'><strong><em>α’χρόπ-</em></strong></span> <span class='ocrx_word' id='word_1_111' title='bbox 1310 1600 1312 1609; x_wconf 92' lang='lat'><em>·</em></span> 
     </span>
     <span class='ocr_line' id='line_1_14' title="bbox 109 1644 1211 1742; baseline 0.012 -32"><span class='ocrx_word' id='word_1_112' title='bbox 109 1670 176 1722; x_wconf 90' lang='grc' dir='ltr'><strong><em>νοις</em></strong></span> <span class='ocrx_word' id='word_1_113' title='bbox 199 1656 266 1723; x_wconf 93' lang='grc' dir='ltr'><strong><em>τοῖς</em></strong></span> <span class='ocrx_word' id='word_1_114' title='bbox 289 1644 427 1731; x_wconf 79' lang='grc' dir='ltr'><strong><em>ὄμμασι·</em></strong></span> <span class='ocrx_word' id='word_1_115' title='bbox 470 1656 516 1730; x_wconf 90' lang='grc' dir='ltr'><strong>τίς</strong></span> <span class='ocrx_word' id='word_1_116' title='bbox 531 1653 590 1738; x_wconf 74' lang='grc' dir='ltr'><strong>γὰρ</strong></span> <span class='ocrx_word' id='word_1_117' title='bbox 615 1648 654 1719; x_wconf 81' lang='grc' dir='ltr'><strong><em>όν</em></strong></span> <span class='ocrx_word' id='word_1_118' title='bbox 675 1652 730 1719; x_wconf 87' lang='grc' dir='ltr'><strong>καί</strong></span> <span class='ocrx_word' id='word_1_119' title='bbox 750 1648 834 1737; x_wconf 81' lang='grc' dir='ltr'><strong><em>εἶχεν</em></strong></span> <span class='ocrx_word' id='word_1_120' title='bbox 852 1657 898 1730; x_wconf 85' lang='grc' dir='ltr'><strong>τίς</strong></span> <span class='ocrx_word' id='word_1_121' title='bbox 918 1650 1016 1721; x_wconf 83' lang='grc' dir='ltr'><strong><em>ῦπνον</em></strong></span> <span class='ocrx_word' id='word_1_122' title='bbox 1041 1661 1211 1742; x_wconf 75' lang='grc' dir='ltr'><strong><em>τραπῆναι,</em></strong></span> 
     </span>
     <span class='ocr_line' id='line_1_15' title="bbox 108 1749 1213 1848; baseline 0.009 -35"><span class='ocrx_word' id='word_1_123' title='bbox 108 1750 168 1814; x_wconf 85' lang='grc' dir='ltr'><strong><em>τοῦ</em></strong></span> <span class='ocrx_word' id='word_1_124' title='bbox 198 1751 347 1816; x_wconf 80' lang='grc' dir='ltr'><strong><em>κινδύνου</em></strong></span> <span class='ocrx_word' id='word_1_125' title='bbox 370 1752 428 1837; x_wconf 70' lang='grc' dir='ltr'><strong>τήν</strong></span> <span class='ocrx_word' id='word_1_126' title='bbox 452 1749 617 1848; x_wconf 75' lang='grc' dir='ltr'><strong><em>ῥομφαίαν</em></strong></span> <span class='ocrx_word' id='word_1_127' title='bbox 637 1758 836 1839; x_wconf 84' lang='grc' dir='ltr'><strong><em>ἐσπασμένην</em></strong></span> <span class='ocrx_word' id='word_1_128' title='bbox 864 1757 1038 1842; x_wconf 77' lang='grc' dir='ltr'><strong><em>μονονουχὶ</em></strong></span> <span class='ocrx_word' id='word_1_129' title='bbox 1064 1761 1213 1844; x_wconf 85' lang='grc' dir='ltr'><strong><em>προδεικ-</em></strong></span> 
     </span>
     <span class='ocr_line' id='line_1_16' title="bbox 66 1873 257 1927; baseline 0.016 -15"><span class='ocrx_word' id='word_1_130' title='bbox 66 1873 99 1924; x_wconf 80' lang='lat'><strong>15</strong></span> <span class='ocrx_word' id='word_1_131' title='bbox 109 1873 257 1927; x_wconf 58' lang='lat' dir='ltr'><strong>stricatae.x</strong></span> 
     </span>
     <span class='ocr_line' id='line_1_17' title="bbox 214 1954 1218 2047; baseline 0.007 -27"><span class='ocrx_word' id='word_1_132' title='bbox 214 1954 262 2019; x_wconf 82' lang='grc' dir='ltr'><strong>Οῦ</strong></span> <span class='ocrx_word' id='word_1_133' title='bbox 282 1954 347 2039; x_wconf 74' lang='grc' dir='ltr'><strong>μην</strong></span> <span class='ocrx_word' id='word_1_134' title='bbox 378 1956 447 2022; x_wconf 76' lang='grc' dir='ltr'><strong><em>ἄλλ’</em></strong></span> <span class='ocrx_word' id='word_1_135' title='bbox 470 1959 539 2021; x_wconf 89' lang='grc' dir='ltr'><strong><em>ου’δ’</em></strong></span> <span class='ocrx_word' id='word_1_136' title='bbox 559 1960 605 2033; x_wconf 82' lang='grc' dir='ltr'><strong>εἰς</strong></span> <span class='ocrx_word' id='word_1_137' title='bbox 626 1954 682 2041; x_wconf 70' lang='grc' dir='ltr'><strong>τήν</strong></span> <span class='ocrx_word' id='word_1_138' title='bbox 712 1961 866 2025; x_wconf 83' lang='grc' dir='ltr'><strong><em>ἐπιοῦσαν</em></strong></span> <span class='ocrx_word' id='word_1_139' title='bbox 889 1964 1013 2044; x_wconf 75' lang='grc' dir='ltr'><strong><em>ἡμέραν</em></strong></span> <span class='ocrx_word' id='word_1_140' title='bbox 1035 1967 1089 2047; x_wconf 76' lang='grc' dir='ltr'><strong>τῆς</strong></span> <span class='ocrx_word' id='word_1_141' title='bbox 1110 1960 1218 2046; x_wconf 31' lang='lat' dir='ltr'><strong>iuna-s</strong></span> 
     </span>
     <span class='ocr_line' id='line_1_18' title="bbox 78 2054 1211 2154; baseline 0.009 -37"><span class='ocrx_word' id='word_1_142' title='bbox 78 2094 84 2104; x_wconf 40' lang='lat' dir='ltr'><strong>r</strong></span> <span class='ocrx_word' id='word_1_143' title='bbox 108 2054 184 2129; x_wconf 91' lang='grc' dir='ltr'><strong><em>σίας</em></strong></span> <span class='ocrx_word' id='word_1_144' title='bbox 205 2056 267 2120; x_wconf 84' lang='grc' dir='ltr'><strong><em>καί·</em></strong></span> <span class='ocrx_word' id='word_1_145' title='bbox 279 2059 332 2142; x_wconf 77' lang='grc' dir='ltr'><strong>τῆς</strong></span> <span class='ocrx_word' id='word_1_146' title='bbox 353 2063 400 2133; x_wconf 85' lang='grc' dir='ltr'><strong>εἰς</strong></span> <span class='ocrx_word' id='word_1_147' title='bbox 420 2058 530 2143; x_wconf 76' lang='grc' dir='ltr'><strong><em>μάχην</em></strong></span> <span class='ocrx_word' id='word_1_148' title='bbox 544 2056 745 2143; x_wconf 77' lang='grc' dir='ltr'><strong><em>προκλήσεως</em></strong></span> <span class='ocrx_word' id='word_1_149' title='bbox 765 2056 878 2143; x_wconf 74' lang='grc' dir='ltr'><strong><em>ἔληξαν</em></strong></span> <span class='ocrx_word' id='word_1_150' title='bbox 897 2058 928 2126; x_wconf 78' lang='grc' dir='ltr'><strong>οἱ</strong></span> <span class='ocrx_word' id='word_1_151' title='bbox 949 2065 1106 2154; x_wconf 80' lang='grc' dir='ltr'><strong><em>πολέμιοι,</em></strong></span> <span class='ocrx_word' id='word_1_152' title='bbox 1129 2060 1211 2127; x_wconf 80' lang='grc' dir='ltr'><strong><em>ἆλλίι</em></strong></span> 
     </span>
     <span class='ocr_line' id='line_1_19' title="bbox 107 2155 1217 2248; baseline 0.012 -30"><span class='ocrx_word' id='word_1_153' title='bbox 107 2158 164 2220; x_wconf 87' lang='grc' dir='ltr'><strong>καί</strong></span> <span class='ocrx_word' id='word_1_154' title='bbox 183 2155 238 2222; x_wconf 86' lang='grc' dir='ltr'><strong>τόν</strong></span> <span class='ocrx_word' id='word_1_155' title='bbox 259 2156 379 2237; x_wconf 77' lang='grc' dir='ltr'><strong><em>ἔξωθεν</em></strong></span> <span class='ocrx_word' id='word_1_156' title='bbox 399 2164 621 2245; x_wconf 81' lang='grc' dir='ltr'><strong><em>παραρρέοντα</em></strong></span> <span class='ocrx_word' id='word_1_157' title='bbox 636 2159 780 2242; x_wconf 88' lang='grc' dir='ltr'><strong><em>ποταμόν</em></strong></span> <span class='ocrx_word' id='word_1_158' title='bbox 801 2156 858 2247; x_wconf 78' lang='grc' dir='ltr'><strong>ῦρί</strong></span> <span class='ocrx_word' id='word_1_159' title='bbox 878 2157 1012 2238; x_wconf 84' lang='grc' dir='ltr'><strong><em>ἐαυτοῦς</em></strong></span> <span class='ocrx_word' id='word_1_160' title='bbox 1033 2161 1217 2248; x_wconf 70' lang='grc' dir='ltr'><strong>ποιησαίμει·Ι</strong></span> 
     </span>
     <span class='ocr_line' id='line_1_20' title="bbox 105 2261 1211 2349; baseline 0.007 -28"><span class='ocrx_word' id='word_1_161' title='bbox 105 2281 156 2321; x_wconf 92' lang='grc' dir='ltr'><strong>νοι</strong></span> <span class='ocrx_word' id='word_1_162' title='bbox 186 2263 275 2342; x_wconf 77' lang='grc' dir='ltr'><strong><em>δίψει</em></strong></span> <span class='ocrx_word' id='word_1_163' title='bbox 304 2261 574 2347; x_wconf 79' lang='grc' dir='ltr'><strong><em>παραστήσασθαι</em></strong></span> <span class='ocrx_word' id='word_1_164' title='bbox 604 2262 676 2348; x_wconf 77' lang='grc' dir='ltr'><strong><em>τοῦς</em></strong></span> <span class='ocrx_word' id='word_1_165' title='bbox 698 2261 878 2343; x_wconf 86' lang='grc' dir='ltr'><strong><em>Ῥωμαίους</em></strong></span> <span class='ocrx_word' id='word_1_166' title='bbox 910 2266 1135 2349; x_wconf 77' lang='grc' dir='ltr'><strong><em>ἐφιλονείκουν.</em></strong></span> <span class='ocrx_word' id='word_1_167' title='bbox 1177 2268 1211 2329; x_wconf 89' lang='grc' dir='ltr'><strong><em>ἐν</em></strong></span> 
     </span>
    </p>
   </div>
   <div class='ocr_carea' id='block_1_3' title="bbox 59 2360 1329 2455">
    <p class='ocr_par' dir='ltr' id='par_1_3' title="bbox 59 2360 1329 2455">
     <span class='ocr_line' id='line_1_21' title="bbox 59 2360 1329 2455; baseline -0.006 -29"><span class='ocrx_word' id='word_1_168' title='bbox 59 2391 96 2445; x_wconf 82' lang='lat'><strong>2⁰</strong></span> <span class='ocrx_word' id='word_1_169' title='bbox 105 2361 210 2448; x_wconf 80' lang='grc' dir='ltr'><strong><em>ταύτῃ</em></strong></span> <span class='ocrx_word' id='word_1_170' title='bbox 232 2364 268 2427; x_wconf 86' lang='grc' dir='ltr'><strong><em>δέ</em></strong></span> <span class='ocrx_word' id='word_1_171' title='bbox 287 2367 324 2451; x_wconf 78' lang='grc' dir='ltr'><strong><em>τῇ</em></strong></span> <span class='ocrx_word' id='word_1_172' title='bbox 346 2363 448 2455; x_wconf 75' lang='grc' dir='ltr'><strong><em>ἡμέρᾳ</em></strong></span> <span class='ocrx_word' id='word_1_173' title='bbox 466 2363 566 2448; x_wconf 82' lang='grc' dir='ltr'><strong><em>μοῖρά</em></strong></span> <span class='ocrx_word' id='word_1_174' title='bbox 589 2386 637 2438; x_wconf 89' lang='grc' dir='ltr'><strong>τις</strong></span> <span class='ocrx_word' id='word_1_175' title='bbox 660 2360 824 2446; x_wconf 81' lang='grc' dir='ltr'><strong><em>Σκυθική,</em></strong></span> <span class='ocrx_word' id='word_1_176' title='bbox 845 2362 979 2449; x_wconf 61' lang='grc' dir='ltr'><strong><em>ἔξαρχον</em></strong></span> <span class='ocrx_word' id='word_1_177' title='bbox 999 2362 1119 2448; x_wconf 76' lang='grc' dir='ltr'><strong><em>ἔχουσα</em></strong></span> <span class='ocrx_word' id='word_1_178' title='bbox 1144 2371 1211 2432; x_wconf 74' lang='lat' dir='ltr'><strong>Ta..</strong></span> <span class='ocrx_word' id='word_1_179' title='bbox 1311 2378 1329 2424; x_wconf 74' lang='grc'><strong>’,</strong></span> 
     </span>
    </p>
   </div>
   <div class='ocr_carea' id='block_1_4' title="bbox 104 2463 1209 2654">
    <p class='ocr_par' dir='ltr' id='par_1_4' title="bbox 104 2463 1209 2654">
     <span class='ocr_line' id='line_1_22' title="bbox 104 2463 1208 2553; baseline 0.005 -27"><span class='ocrx_word' id='word_1_180' title='bbox 104 2466 165 2544; x_wconf 90' lang='grc' dir='ltr'><strong>μίν</strong></span> <span class='ocrx_word' id='word_1_181' title='bbox 184 2490 254 2529; x_wconf 88' lang='grc' dir='ltr'><strong><em>τινα</em></strong></span> <span class='ocrx_word' id='word_1_182' title='bbox 283 2463 590 2553; x_wconf 84' lang='grc' dir='ltr'><strong><em>κατονομαζόμενον,</em></strong></span> <span class='ocrx_word' id='word_1_183' title='bbox 620 2474 686 2541; x_wconf 92' lang='grc' dir='ltr'><strong><em>τοῖς</em></strong></span> <span class='ocrx_word' id='word_1_184' title='bbox 706 2468 859 2540; x_wconf 78' lang='grc' dir='ltr'><strong><em>ἐναντίοις</em></strong></span> <span class='ocrx_word' id='word_1_185' title='bbox 885 2468 1081 2552; x_wconf 82' lang='grc' dir='ltr'><strong><em>προσερρόη·</em></strong></span> <span class='ocrx_word' id='word_1_186' title='bbox 1131 2463 1208 2551; x_wconf 79' lang='grc' dir='ltr'><strong><em>ὅπερ</em></strong></span> 
     </span>
     <span class='ocr_line' id='line_1_23' title="bbox 106 2564 1209 2654; baseline 0.007 -28"><span class='ocrx_word' id='word_1_187' title='bbox 106 2564 167 2628; x_wconf 82' lang='grc' dir='ltr'><strong><em>οῦκ</em></strong></span> <span class='ocrx_word' id='word_1_188' title='bbox 188 2568 233 2642; x_wconf 85' lang='grc' dir='ltr'><strong>εἰς</strong></span> <span class='ocrx_word' id='word_1_189' title='bbox 254 2566 373 2651; x_wconf 80' lang='grc' dir='ltr'><strong><em>μικρὰν</em></strong></span> <span class='ocrx_word' id='word_1_190' title='bbox 388 2567 527 2651; x_wconf 74' lang='grc' dir='ltr'><strong><em>ἀγωνίαν</em></strong></span> <span class='ocrx_word' id='word_1_191' title='bbox 547 2566 622 2646; x_wconf 87' lang='grc' dir='ltr'><strong><em>τοῦς</em></strong></span> <span class='ocrx_word' id='word_1_192' title='bbox 637 2564 815 2650; x_wconf 83' lang='grc' dir='ltr'><strong><em>Ῥωμαίους</em></strong></span> <span class='ocrx_word' id='word_1_193' title='bbox 834 2569 989 2654; x_wconf 75' lang='grc' dir='ltr'><strong><em>ἐνέβαλεν,</em></strong></span> <span class='ocrx_word' id='word_1_194' title='bbox 1010 2568 1209 2634; x_wconf 85' lang='grc' dir='ltr'><strong><em>ῦποπτεῦον-</em></strong></span> 
     </span>
    </p>
   </div>
   <div class='ocr_carea' id='block_1_5' title="bbox 182 2751 429 2831">
    <p class='ocr_par' dir='ltr' id='par_1_5' title="bbox 182 2751 429 2831">
     <span class='ocr_line' id='line_1_24' title="bbox 182 2751 429 2831; baseline 0.004 -22"><span class='ocrx_word' id='word_1_195' title='bbox 182 2751 209 2809; x_wconf 75' lang='grc'><strong>4.</strong></span> <span class='ocrx_word' id='word_1_196' title='bbox 230 2756 429 2831; x_wconf 74' lang='grc' dir='ltr'><strong><em>ἓμακιίριζονλ</em></strong></span> 
     </span>
    </p>
   </div>
   <div class='ocr_carea' id='block_1_6' title="bbox 103 2955 1237 3239">
    <p class='ocr_par' dir='ltr' id='par_1_6' title="bbox 103 2955 1237 3239">
     <span class='ocr_line' id='line_1_25' title="bbox 106 2955 1210 3026; baseline -0.002 -18"><span class='ocrx_word' id='word_1_197' title='bbox 106 2955 209 3009; x_wconf 89' lang='lat' dir='ltr'><strong>multus</strong></span> <span class='ocrx_word' id='word_1_198' title='bbox 229 2957 357 3021; x_wconf 87' lang='lat' dir='ltr'><strong>incertus,</strong></span> <span class='ocrx_word' id='word_1_199' title='bbox 383 2963 410 3008; x_wconf 89' lang='lat' dir='ltr'><strong>et</strong></span> <span class='ocrx_word' id='word_1_200' title='bbox 427 2956 459 3009; x_wconf 92' lang='lat' dir='ltr'><strong>ab</strong></span> <span class='ocrx_word' id='word_1_201' title='bbox 474 2959 545 3009; x_wconf 89' lang='lat' dir='ltr'><strong>omni</strong></span> <span class='ocrx_word' id='word_1_202' title='bbox 562 2965 639 3026; x_wconf 90' lang='lat' dir='ltr'><strong>parte</strong></span> <span class='ocrx_word' id='word_1_203' title='bbox 652 2956 774 3023; x_wconf 89' lang='lat' dir='ltr'><strong>pericula</strong></span> <span class='ocrx_word' id='word_1_204' title='bbox 788 2964 815 3009; x_wconf 84' lang='lat' dir='ltr'><strong>et</strong></span> <span class='ocrx_word' id='word_1_205' title='bbox 828 2956 904 3009; x_wconf 89' lang='lat' dir='ltr'><strong>turba</strong></span> <span class='ocrx_word' id='word_1_206' title='bbox 919 2955 1092 3024; x_wconf 84' lang='lat' dir='ltr'><strong>apparebunt,</strong></span> <span class='ocrx_word' id='word_1_207' title='bbox 1103 2971 1210 3012; x_wconf 88' lang='lat' dir='ltr'><strong>omues.</strong></span> 
     </span>
     <span class='ocr_line' id='line_1_26' title="bbox 107 3027 1210 3098; baseline 0.004 -20"><span class='ocrx_word' id='word_1_208' title='bbox 107 3043 165 3096; x_wconf 88' lang='lat' dir='ltr'><strong>que</strong></span> <span class='ocrx_word' id='word_1_209' title='bbox 184 3028 252 3080; x_wconf 89' lang='lat' dir='ltr'><strong>mori</strong></span> <span class='ocrx_word' id='word_1_210' title='bbox 271 3027 406 3081; x_wconf 86' lang='lat' dir='ltr'><strong>malebant</strong></span> <span class='ocrx_word' id='word_1_211' title='bbox 424 3045 501 3096; x_wconf 88' lang='lat' dir='ltr'><strong>quam</strong></span> <span class='ocrx_word' id='word_1_212' title='bbox 525 3028 607 3081; x_wconf 89' lang='lat' dir='ltr'><strong>talem</strong></span> <span class='ocrx_word' id='word_1_213' title='bbox 628 3029 721 3080; x_wconf 89' lang='lat' dir='ltr'><strong>videre</strong></span> <span class='ocrx_word' id='word_1_214' title='bbox 739 3036 939 3096; x_wconf 74' lang='lat' dir='ltr'><strong>tempestatem:</strong></span> <span class='ocrx_word' id='word_1_215' title='bbox 965 3037 1045 3098; x_wconf 88' lang='lat' dir='ltr'><strong>atque</strong></span> <span class='ocrx_word' id='word_1_216' title='bbox 1071 3029 1138 3081; x_wconf 89' lang='lat' dir='ltr'><strong>baec</strong></span> <span class='ocrx_word' id='word_1_217' title='bbox 1156 3045 1210 3082; x_wconf 85' lang='lat' dir='ltr'><strong>non</strong></span> 
     </span>
     <span class='ocr_line' id='line_1_27' title="bbox 107 3100 1237 3170; baseline 0.001 -19"><span class='ocrx_word' id='word_1_218' title='bbox 107 3100 208 3152; x_wconf 83' lang='lat' dir='ltr'><strong>videre</strong></span> <span class='ocrx_word' id='word_1_219' title='bbox 226 3108 255 3152; x_wconf 94' lang='lat' dir='ltr'><strong>ut</strong></span> <span class='ocrx_word' id='word_1_220' title='bbox 275 3100 382 3151; x_wconf 84' lang='lat' dir='ltr'><strong>fortuna</strong></span> <span class='ocrx_word' id='word_1_221' title='bbox 399 3100 563 3166; x_wconf 78' lang='lat' dir='ltr'><strong>habebatur,</strong></span> <span class='ocrx_word' id='word_1_222' title='bbox 596 3102 682 3170; x_wconf 89' lang='lat' dir='ltr'><strong>iisque</strong></span> <span class='ocrx_word' id='word_1_223' title='bbox 708 3101 753 3168; x_wconf 93' lang='lat' dir='ltr'><strong>qui</strong></span> <span class='ocrx_word' id='word_1_224' title='bbox 775 3100 829 3152; x_wconf 89' lang='lat' dir='ltr'><strong>tale</strong></span> <span class='ocrx_word' id='word_1_225' title='bbox 847 3113 900 3152; x_wconf 92' lang='lat' dir='ltr'><strong>non</strong></span> <span class='ocrx_word' id='word_1_226' title='bbox 914 3100 1060 3170; x_wconf 84' lang='lat' dir='ltr'><strong>videbant,</strong></span> <span class='ocrx_word' id='word_1_227' title='bbox 1086 3109 1209 3170; x_wconf 86' lang='lat' dir='ltr'><strong>tanquam</strong></span> <span class='ocrx_word' id='word_1_228' title='bbox 1233 3105 1237 3164; x_wconf 81' lang='lat' dir='ltr'><strong>j</strong></span> 
     </span>
     <span class='ocr_line' id='line_1_28' title="bbox 103 3170 424 3239; baseline 0.003 -16"><span class='ocrx_word' id='word_1_229' title='bbox 103 3172 198 3223; x_wconf 87' lang='lat' dir='ltr'><strong>beatis</strong></span> <span class='ocrx_word' id='word_1_230' title='bbox 217 3170 424 3239; x_wconf 85' lang='lat' dir='ltr'><strong>gratulabantur.</strong></span> 
     </span>
    </p>
   </div>
   <div class='ocr_carea' id='block_1_7' title="bbox 101 3259 1210 3831">
    <p class='ocr_par' dir='ltr' id='par_1_7' title="bbox 101 3259 1210 3831">
     <span class='ocr_line' id='line_1_29' title="bbox 211 3259 1208 3328; baseline -0.004 -16"><span class='ocrx_word' id='word_1_231' title='bbox 211 3259 262 3313; x_wconf 88' lang='lat' dir='ltr'><strong>Sed</strong></span> <span class='ocrx_word' id='word_1_232' title='bbox 287 3263 314 3311; x_wconf 91' lang='lat' dir='ltr'><strong>in</strong></span> <span class='ocrx_word' id='word_1_233' title='bbox 341 3260 391 3312; x_wconf 91' lang='lat' dir='ltr'><strong>hac</strong></span> <span class='ocrx_word' id='word_1_234' title='bbox 410 3261 568 3313; x_wconf 82' lang='lat' dir='ltr'><strong>difficultate</strong></span> <span class='ocrx_word' id='word_1_235' title='bbox 591 3260 759 3316; x_wconf 80' lang='lat' dir='ltr'><strong>versantibus</strong></span> <span class='ocrx_word' id='word_1_236' title='bbox 785 3261 893 3314; x_wconf 87' lang='lat' dir='ltr'><strong>Graecis</strong></span> <span class='ocrx_word' id='word_1_237' title='bbox 921 3275 975 3311; x_wconf 92' lang='lat' dir='ltr'><strong>non</strong></span> <span class='ocrx_word' id='word_1_238' title='bbox 994 3267 1138 3328; x_wconf 87' lang='lat' dir='ltr'><strong>potueruut</strong></span> <span class='ocrx_word' id='word_1_239' title='bbox 1156 3259 1208 3311; x_wconf 89' lang='lat' dir='ltr'><strong>bo..</strong></span> 
     </span>
     <span class='ocr_line' id='line_1_30' title="bbox 104 3331 1210 3402; baseline -0.002 -18"><span class='ocrx_word' id='word_1_240' title='bbox 104 3341 166 3384; x_wconf 88' lang='lat' dir='ltr'><strong>stes</strong></span> <span class='ocrx_word' id='word_1_241' title='bbox 190 3347 317 3402; x_wconf 79' lang='lat' dir='ltr'><strong>aggerem</strong></span> <span class='ocrx_word' id='word_1_242' title='bbox 341 3335 469 3386; x_wconf 89' lang='lat' dir='ltr'><strong>invadere</strong></span> <span class='ocrx_word' id='word_1_243' title='bbox 494 3342 621 3387; x_wconf 83' lang='lat' dir='ltr'><strong>caventes</strong></span> <span class='ocrx_word' id='word_1_244' title='bbox 648 3341 676 3384; x_wconf 90' lang='lat' dir='ltr'><strong>et</strong></span> <span class='ocrx_word' id='word_1_245' title='bbox 700 3333 752 3400; x_wconf 87' lang='lat' dir='ltr'><strong>ipsi</strong></span> <span class='ocrx_word' id='word_1_246' title='bbox 777 3332 903 3398; x_wconf 90' lang='lat' dir='ltr'><strong>temporis</strong></span> <span class='ocrx_word' id='word_1_247' title='bbox 929 3331 1153 3398; x_wconf 89' lang='lat' dir='ltr'><strong>importunitatem</strong></span> <span class='ocrx_word' id='word_1_248' title='bbox 1182 3339 1210 3382; x_wconf 87' lang='lat' dir='ltr'><strong>et</strong></span> 
     </span>
     <span class='ocr_line' id='line_1_31' title="bbox 105 3403 1208 3472; baseline -0.004 -18"><span class='ocrx_word' id='word_1_249' title='bbox 105 3419 263 3456; x_wconf 88' lang='lat' dir='ltr'><strong>communes</strong></span> <span class='ocrx_word' id='word_1_250' title='bbox 290 3405 463 3457; x_wconf 81' lang='lat' dir='ltr'><strong>difficultates</strong></span> <span class='ocrx_word' id='word_1_251' title='bbox 488 3421 577 3459; x_wconf 87' lang='lat' dir='ltr'><strong>seeum</strong></span> <span class='ocrx_word' id='word_1_252' title='bbox 603 3405 762 3459; x_wconf 85' lang='lat' dir='ltr'><strong>volventes:</strong></span> <span class='ocrx_word' id='word_1_253' title='bbox 787 3420 875 3472; x_wconf 93' lang='lat' dir='ltr'><strong>neque</strong></span> <span class='ocrx_word' id='word_1_254' title='bbox 894 3405 964 3454; x_wconf 80' lang='lat' dir='ltr'><strong>vcro&#39;</strong></span> <span class='ocrx_word' id='word_1_255' title='bbox 989 3403 1022 3454; x_wconf 89' lang='lat' dir='ltr'><strong>ab</strong></span> <span class='ocrx_word' id='word_1_256' title='bbox 1041 3404 1140 3470; x_wconf 86' lang='lat' dir='ltr'><strong>impetu</strong></span> <span class='ocrx_word' id='word_1_257' title='bbox 1158 3403 1208 3454; x_wconf 86' lang='lat' dir='ltr'><strong>de.</strong></span> 
     </span>
     <span class='ocr_line' id='line_1_32' title="bbox 103 3474 1209 3544; baseline -0.003 -16"><span class='ocrx_word' id='word_1_258' title='bbox 103 3477 244 3540; x_wconf 86' lang='lat' dir='ltr'><strong>stiterunt,</strong></span> <span class='ocrx_word' id='word_1_259' title='bbox 263 3476 310 3527; x_wconf 92' lang='lat' dir='ltr'><strong>sed</strong></span> <span class='ocrx_word' id='word_1_260' title='bbox 329 3492 377 3543; x_wconf 87' lang='lat' dir='ltr'><strong>per</strong></span> <span class='ocrx_word' id='word_1_261' title='bbox 396 3485 476 3528; x_wconf 90' lang='lat' dir='ltr'><strong>totam</strong></span> <span class='ocrx_word' id='word_1_262' title='bbox 494 3485 601 3529; x_wconf 91' lang='lat' dir='ltr'><strong>noctem</strong></span> <span class='ocrx_word' id='word_1_263' title='bbox 626 3486 700 3528; x_wconf 79' lang='lat' dir='ltr'><strong>extra</strong></span> <span class='ocrx_word' id='word_1_264' title='bbox 719 3491 814 3544; x_wconf 92' lang='lat' dir='ltr'><strong>magno</strong></span> <span class='ocrx_word' id='word_1_265' title='bbox 841 3491 900 3526; x_wconf 88' lang='lat' dir='ltr'><strong>cum</strong></span> <span class='ocrx_word' id='word_1_266' title='bbox 918 3474 1035 3527; x_wconf 86' lang='lat' dir='ltr'><strong>clamore</strong></span> <span class='ocrx_word' id='word_1_267' title='bbox 1051 3474 1209 3542; x_wconf 63' lang='lat' dir='ltr'><strong>»equitabant</strong></span> 
     </span>
     <span class='ocr_line' id='line_1_33' title="bbox 104 3546 1207 3612; baseline -0.005 -14"><span class='ocrx_word' id='word_1_268' title='bbox 104 3555 135 3598; x_wconf 90' lang='lat' dir='ltr'><strong>et</strong></span> <span class='ocrx_word' id='word_1_269' title='bbox 158 3547 434 3612; x_wconf 81' lang='lat' dir='ltr'><strong>circumrebebantur‚</strong></span> <span class='ocrx_word' id='word_1_270' title='bbox 458 3548 618 3601; x_wconf 86' lang='lat' dir='ltr'><strong>Graecorum</strong></span> <span class='ocrx_word' id='word_1_271' title='bbox 638 3557 723 3600; x_wconf 87' lang='lat' dir='ltr'><strong>castra</strong></span> <span class='ocrx_word' id='word_1_272' title='bbox 741 3563 819 3600; x_wconf 86' lang='lat' dir='ltr'><strong>arcus</strong></span> <span class='ocrx_word' id='word_1_273' title='bbox 839 3546 953 3599; x_wconf 89' lang='lat' dir='ltr'><strong>iactibus</strong></span> <span class='ocrx_word' id='word_1_274' title='bbox 973 3555 1001 3598; x_wconf 92' lang='lat' dir='ltr'><strong>et</strong></span> <span class='ocrx_word' id='word_1_275' title='bbox 1018 3547 1146 3598; x_wconf 89' lang='lat' dir='ltr'><strong>machinis</strong></span> <span class='ocrx_word' id='word_1_276' title='bbox 1164 3547 1207 3597; x_wconf 90' lang='lat' dir='ltr'><strong>ia.</strong></span> 
     </span>
     <span class='ocr_line' id='line_1_34' title="bbox 103 3619 1207 3688; baseline -0.004 -19"><span class='ocrx_word' id='word_1_277' title='bbox 103 3621 220 3670; x_wconf 87' lang='lat' dir='ltr'><strong>cientes</strong></span> <span class='ocrx_word' id='word_1_278' title='bbox 231 3628 259 3670; x_wconf 91' lang='lat' dir='ltr'><strong>et</strong></span> <span class='ocrx_word' id='word_1_279' title='bbox 277 3620 393 3688; x_wconf 91' lang='lat' dir='ltr'><strong>undique</strong></span> <span class='ocrx_word' id='word_1_280' title='bbox 408 3621 633 3672; x_wconf 79' lang='lat' dir='ltr'><strong>circumsonantes</strong></span> <span class='ocrx_word' id='word_1_281' title='bbox 650 3629 677 3672; x_wconf 93' lang='lat' dir='ltr'><strong>et</strong></span> <span class='ocrx_word' id='word_1_282' title='bbox 689 3627 821 3672; x_wconf 88' lang='lat' dir='ltr'><strong>terrentes</strong></span> <span class='ocrx_word' id='word_1_283' title='bbox 841 3634 897 3683; x_wconf 91' lang='lat' dir='ltr'><strong>eos,</strong></span> <span class='ocrx_word' id='word_1_284' title='bbox 915 3619 951 3670; x_wconf 90' lang='lat' dir='ltr'><strong>ita</strong></span> <span class='ocrx_word' id='word_1_285' title='bbox 971 3626 1000 3671; x_wconf 90' lang='lat' dir='ltr'><strong>ut</strong></span> <span class='ocrx_word' id='word_1_286' title='bbox 1017 3632 1108 3670; x_wconf 86' lang='lat' dir='ltr'><strong>omnes</strong></span> <span class='ocrx_word' id='word_1_287' title='bbox 1126 3631 1207 3685; x_wconf 88' lang='lat' dir='ltr'><strong>aper.</strong></span> 
     </span>
     <span class='ocr_line' id='line_1_35' title="bbox 102 3689 1206 3760; baseline -0.003 -19"><span class='ocrx_word' id='word_1_288' title='bbox 102 3693 143 3742; x_wconf 90' lang='lat' dir='ltr'><strong>tis</strong></span> <span class='ocrx_word' id='word_1_289' title='bbox 171 3698 197 3742; x_wconf 90' lang='lat' dir='ltr'><strong>et</strong></span> <span class='ocrx_word' id='word_1_290' title='bbox 222 3692 360 3743; x_wconf 86' lang='lat' dir='ltr'><strong>insomniis</strong></span> <span class='ocrx_word' id='word_1_291' title='bbox 385 3691 471 3743; x_wconf 87' lang='lat' dir='ltr'><strong>oculis</strong></span> <span class='ocrx_word' id='word_1_292' title='bbox 496 3701 603 3743; x_wconf 88' lang='lat' dir='ltr'><strong>noctem</strong></span> <span class='ocrx_word' id='word_1_293' title='bbox 627 3694 766 3760; x_wconf 83' lang='lat' dir='ltr'><strong>degerent.</strong></span> <span class='ocrx_word' id='word_1_294' title='bbox 809 3693 868 3759; x_wconf 92' lang='lat' dir='ltr'><strong>quis</strong></span> <span class='ocrx_word' id='word_1_295' title='bbox 898 3691 968 3749; x_wconf 86' lang='lat' dir='ltr'><strong>enim</strong></span> <span class='ocrx_word' id='word_1_296' title='bbox 992 3704 1084 3742; x_wconf 88' lang='lat' dir='ltr'><strong>somno</strong></span> <span class='ocrx_word' id='word_1_297' title='bbox 1104 3689 1206 3741; x_wconf 90' lang='lat' dir='ltr'><strong>adverti</strong></span> 
     </span>
     <span class='ocr_line' id='line_1_36' title="bbox 101 3762 982 3831; baseline -0.001 -18"><span class='ocrx_word' id='word_1_298' title='bbox 101 3769 211 3830; x_wconf 88' lang='lat' dir='ltr'><strong>posset,</strong></span> <span class='ocrx_word' id='word_1_299' title='bbox 230 3762 352 3829; x_wconf 89' lang='lat' dir='ltr'><strong>periculo</strong></span> <span class='ocrx_word' id='word_1_300' title='bbox 371 3762 488 3831; x_wconf 81' lang='lat' dir='ltr'><strong>gladium</strong></span> <span class='ocrx_word' id='word_1_301' title='bbox 506 3772 607 3815; x_wconf 90' lang='lat' dir='ltr'><strong>tantum</strong></span> <span class='ocrx_word' id='word_1_302' title='bbox 626 3778 679 3815; x_wconf 90' lang='lat' dir='ltr'><strong>non</strong></span> <span class='ocrx_word' id='word_1_303' title='bbox 698 3765 817 3814; x_wconf 90' lang='lat' dir='ltr'><strong>strictum</strong></span> <span class='ocrx_word' id='word_1_304' title='bbox 836 3763 982 3823; x_wconf 82' lang='lat' dir='ltr'><strong>minitante.</strong></span> 
     </span>
    </p>
   </div>
   <div class='ocr_carea' id='block_1_8' title="bbox 103 3850 1206 4279">
    <p class='ocr_par' dir='ltr' id='par_1_8' title="bbox 103 3850 1206 4279">
     <span class='ocr_line' id='line_1_37' title="bbox 181 3850 1206 3920; baseline 0.001 -19"><span class='ocrx_word' id='word_1_305' title='bbox 181 3850 419 3916; x_wconf 75' lang='lat' dir='ltr'><strong>verumenimvero</strong></span> <span class='ocrx_word' id='word_1_306' title='bbox 437 3867 472 3903; x_wconf 90' lang='lat' dir='ltr'><strong>ne</strong></span> <span class='ocrx_word' id='word_1_307' title='bbox 489 3852 612 3920; x_wconf 89' lang='lat' dir='ltr'><strong>sequenti</strong></span> <span class='ocrx_word' id='word_1_308' title='bbox 629 3852 735 3919; x_wconf 90' lang='lat' dir='ltr'><strong>quidem</strong></span> <span class='ocrx_word' id='word_1_309' title='bbox 755 3851 798 3902; x_wconf 88' lang='lat' dir='ltr'><strong>die</strong></span> <span class='ocrx_word' id='word_1_310' title='bbox 818 3851 909 3901; x_wconf 90' lang='lat' dir='ltr'><strong>hostes</strong></span> <span class='ocrx_word' id='word_1_311' title='bbox 929 3865 944 3900; x_wconf 89' lang='lat' dir='ltr'><strong>a</strong></span> <span class='ocrx_word' id='word_1_312' title='bbox 963 3851 1206 3919; x_wconf 89' lang='lat' dir='ltr'><strong>circumequitando</strong></span> 
     </span>
     <span class='ocr_line' id='line_1_38' title="bbox 104 3921 1206 3989; baseline -0.005 -14"><span class='ocrx_word' id='word_1_313' title='bbox 104 3932 135 3975; x_wconf 93' lang='lat' dir='ltr'><strong>et</strong></span> <span class='ocrx_word' id='word_1_314' title='bbox 156 3924 187 3974; x_wconf 86' lang='lat' dir='ltr'><strong>ad</strong></span> <span class='ocrx_word' id='word_1_315' title='bbox 205 3923 334 3989; x_wconf 89' lang='lat' dir='ltr'><strong>praelium</strong></span> <span class='ocrx_word' id='word_1_316' title='bbox 352 3924 509 3975; x_wconf 87' lang='lat' dir='ltr'><strong>lacessendo</strong></span> <span class='ocrx_word' id='word_1_317' title='bbox 528 3924 698 3985; x_wconf 88' lang='lat' dir='ltr'><strong>destiterunt,</strong></span> <span class='ocrx_word' id='word_1_318' title='bbox 720 3921 767 3972; x_wconf 88' lang='lat' dir='ltr'><strong>sed</strong></span> <span class='ocrx_word' id='word_1_319' title='bbox 786 3929 924 3988; x_wconf 83' lang='lat' dir='ltr'><strong>postquam</strong></span> <span class='ocrx_word' id='word_1_320' title='bbox 945 3922 1023 3972; x_wconf 91' lang='lat' dir='ltr'><strong>etiam</strong></span> <span class='ocrx_word' id='word_1_321' title='bbox 1039 3921 1136 3972; x_wconf 83' lang='lat' dir='ltr'><strong>ilumen</strong></span> <span class='ocrx_word' id='word_1_322' title='bbox 1156 3939 1206 3974; x_wconf 87' lang='lat' dir='ltr'><strong>ex.</strong></span> 
     </span>
     <span class='ocr_line' id='line_1_39' title="bbox 103 3992 1206 4062; baseline -0.002 -14"><span class='ocrx_word' id='word_1_323' title='bbox 103 4006 150 4048; x_wconf 86' lang='lat' dir='ltr'><strong>tra</strong></span> <span class='ocrx_word' id='word_1_324' title='bbox 173 3994 364 4061; x_wconf 84' lang='lat' dir='ltr'><strong>praeterfluens</strong></span> <span class='ocrx_word' id='word_1_325' title='bbox 390 4003 570 4062; x_wconf 87' lang='lat' dir='ltr'><strong>occuparunt,</strong></span> <span class='ocrx_word' id='word_1_326' title='bbox 598 3995 642 4045; x_wconf 89' lang='lat' dir='ltr'><strong>siti</strong></span> <span class='ocrx_word' id='word_1_327' title='bbox 667 3992 783 4045; x_wconf 87' lang='lat' dir='ltr'><strong>Graecos</strong></span> <span class='ocrx_word' id='word_1_328' title='bbox 811 3992 944 4043; x_wconf 86' lang='lat' dir='ltr'><strong>subiicere</strong></span> <span class='ocrx_word' id='word_1_329' title='bbox 967 3992 1115 4045; x_wconf 87' lang='lat' dir='ltr'><strong>studebant.</strong></span> <span class='ocrx_word' id='word_1_330' title='bbox 1154 3994 1206 4046; x_wconf 88' lang='lat' dir='ltr'><strong>hoc</strong></span> 
     </span>
     <span class='ocr_line' id='line_1_40' title="bbox 104 4061 1206 4136; baseline -0.001 -16"><span class='ocrx_word' id='word_1_331' title='bbox 104 4081 177 4120; x_wconf 90' lang='lat' dir='ltr'><strong>vero</strong></span> <span class='ocrx_word' id='word_1_332' title='bbox 197 4067 240 4117; x_wconf 88' lang='lat' dir='ltr'><strong>die</strong></span> <span class='ocrx_word' id='word_1_333' title='bbox 266 4082 361 4134; x_wconf 88' lang='lat' dir='ltr'><strong>agmen</strong></span> <span class='ocrx_word' id='word_1_334' title='bbox 386 4068 515 4136; x_wconf 87' lang='lat' dir='ltr'><strong>quoddam</strong></span> <span class='ocrx_word' id='word_1_335' title='bbox 544 4065 715 4133; x_wconf 78' lang='lat' dir='ltr'><strong>Scytharum,</strong></span> <span class='ocrx_word' id='word_1_336' title='bbox 741 4064 808 4114; x_wconf 91' lang='lat' dir='ltr'><strong>duce</strong></span> <span class='ocrx_word' id='word_1_337' title='bbox 827 4063 938 4132; x_wconf 87' lang='lat' dir='ltr'><strong>quodam</strong></span> <span class='ocrx_word' id='word_1_338' title='bbox 958 4063 1029 4114; x_wconf 84' lang='lat' dir='ltr'><strong>Tami</strong></span> <span class='ocrx_word' id='word_1_339' title='bbox 1048 4061 1206 4132; x_wconf 74' lang='lat' dir='ltr'><strong>vocato,&#39;ad</strong></span> 
     </span>
     <span class='ocr_line' id='line_1_41' title="bbox 103 4133 1205 4207; baseline -0.002 -15"><span class='ocrx_word' id='word_1_340' title='bbox 103 4141 201 4192; x_wconf 85' lang='lat' dir='ltr'><strong>hostes</strong></span> <span class='ocrx_word' id='word_1_341' title='bbox 220 4138 329 4203; x_wconf 85' lang='lat' dir='ltr'><strong>deiecit,</strong></span> <span class='ocrx_word' id='word_1_342' title='bbox 350 4139 420 4207; x_wconf 90' lang='lat' dir='ltr'><strong>quod</strong></span> <span class='ocrx_word' id='word_1_343' title='bbox 437 4153 533 4206; x_wconf 88' lang='lat' dir='ltr'><strong>magno</strong></span> <span class='ocrx_word' id='word_1_344' title='bbox 546 4140 662 4192; x_wconf 86' lang='lat' dir='ltr'><strong>Graecos</strong></span> <span class='ocrx_word' id='word_1_345' title='bbox 681 4133 848 4203; x_wconf 83' lang='lat' dir='ltr'><strong>percellebat</strong></span> <span class='ocrx_word' id='word_1_346' title='bbox 864 4136 970 4199; x_wconf 90' lang='lat' dir='ltr'><strong>timore,</strong></span> <span class='ocrx_word' id='word_1_347' title='bbox 989 4151 1068 4204; x_wconf 90' lang='lat' dir='ltr'><strong>quum</strong></span> <span class='ocrx_word' id='word_1_348' title='bbox 1086 4138 1205 4206; x_wconf 89' lang='lat' dir='ltr'><strong>reliquos</strong></span> 
     </span>
     <span class='ocr_line' id='line_1_42' title="bbox 104 4206 1205 4279; baseline -0.007 -13"><span class='ocrx_word' id='word_1_349' title='bbox 104 4212 190 4266; x_wconf 86' lang='lat' dir='ltr'><strong>etiam</strong></span> <span class='ocrx_word' id='word_1_350' title='bbox 209 4209 322 4279; x_wconf 74' lang='lat' dir='ltr'><strong>Scythas</strong></span> <span class='ocrx_word' id='word_1_351' title='bbox 341 4212 393 4264; x_wconf 89' lang='lat' dir='ltr'><strong>iuru</strong></span> <span class='ocrx_word' id='word_1_352' title='bbox 411 4211 444 4264; x_wconf 84' lang='lat' dir='ltr'><strong>ab</strong></span> <span class='ocrx_word' id='word_1_353' title='bbox 463 4211 515 4263; x_wconf 92' lang='lat' dir='ltr'><strong>boc</strong></span> <span class='ocrx_word' id='word_1_354' title='bbox 533 4218 654 4279; x_wconf 87' lang='lat' dir='ltr'><strong>tempore</strong></span> <span class='ocrx_word' id='word_1_355' title='bbox 672 4216 796 4277; x_wconf 86' lang='lat' dir='ltr'><strong>tanquam</strong></span> <span class='ocrx_word' id='word_1_356' title='bbox 823 4206 914 4262; x_wconf 85' lang='lat' dir='ltr'><strong>hostes</strong></span> <span class='ocrx_word' id='word_1_357' title='bbox 934 4223 992 4260; x_wconf 83' lang='lat' dir='ltr'><strong>curu</strong></span> <span class='ocrx_word' id='word_1_358' title='bbox 1009 4207 1066 4264; x_wconf 88' lang='lat' dir='ltr'><strong>illis</strong></span> <span class='ocrx_word' id='word_1_359' title='bbox 1084 4224 1205 4264; x_wconf 77' lang='lat' dir='ltr'><strong>eonven-</strong></span> 
     </span>
    </p>
   </div>
   <div class='ocr_carea' id='block_1_9' title="bbox 0 0 1488 4825">
    <p class='ocr_par' dir='ltr' id='par_1_9' title="bbox 0 0 1488 4825">
     <span class='ocr_line' id='line_1_43' title="bbox 0 0 1488 4825; baseline 0 0"><span class='ocrx_word' id='word_1_360' title='bbox 0 0 1488 4825; x_wconf 95' lang='lat' dir='ltr'><strong> </strong></span> 
     </span>
    </p>
   </div>
  </div>
 </body>
</html>
