2967 4825
292 228 295 234 ’
506 230 889 310 ·1umoma:···÷··1·
1139 232 1233 325 ισοξ

79 500 82 504 ¹
112 419 196 480 στας
216 399 357 489 έβάδιζε,
380 408 438 473 tui
456 402 493 473 εδ
518 409 606 492 ’δέμον
618 412 683 476 τάν
698 406 919 497 Ἀρμενιακιδν
939 415 1133 497 καταλαβών
1149 416 1215 495 ταῖς

113 509 277 590 προτέροις
307 509 409 574 αὑτοῦ
432 507 584 594 κάστροις
605 516 660 578 καί
686 506 784 590 αὖθις
807 516 1012 601 ἀποκατέστη,
1036 517 1091 581 καί
1111 513 1215 595 οὑτως

112 604 268 691 ἐκδρομαῖς
291 610 369 675 κατά
394 615 457 677 τών
484 615 631 697 Τοὺρκων
647 610 836 696 ποιεόμενος
855 617 999 702 άπεῖρξεν
1020 614 1137 695 αὑτοὺς
1157 623 1216 685 τόδ
1257 647 1260 649 ·

111 710 157 799 τῷ
178 708 309 799 τοιὸὺτφ
340 716 457 794 δέματι
486 715 697 798 προσβάλλειν
728 722 784 784 καί
811 725 991 805 πολεμικοῖς
1016 717 1216 803 περιβάλλειν

87 815 228 887 δικαιοῖς.
252 812 270 874 ὑ
290 816 326 877 δὲ
343 816 495 896 βασιλεὺς
509 822 712 903 θυμομαχῶν
724 824 795 885 κατ’
808 816 910 885 αὑτοδ
932 822 965 899 ἐξ
980 820 1136 905 ὑποβολῆς
1146 825 1227 901 τοῦ,

111 915 346 996 πραρρηδέντας
377 914 533 1001 εὑνοὺχον
561 923 619 983 τοῦ
648 920 857 1007 Νικηφόρον,
896 931 1063 1009 προῃρεῖτο
1092 924 1226 1003 μάλλονΔ

110 1010 186 1087 toric
219 1012 379 1096 Τοὺριισας
410 1017 449 1082 τά
476 1018 648 1103 Ῥωμαίων
681 1019 766 1103 ἔχειν
795 1025 851 1085 καί
876 1016 963 1105 άγειν
994 1018 1164 1106 πράγματα
1191 1017 1213 1106 ἢ

110 1110 167 1176 τόν
196 1121 338 1183 Λατῖνον
368 1121 477 1185 τοὺτον
503 1124 537 1186 έν
565 1117 613 1186 frvi
640 1120 727 1211 τόπερ
756 1128 936 1207 χαρεῖσδαι
967 1126 1022 1187 ’καί
1044 1122 1214 1205 ’άπείργειν

109 1213 168 1292 τάς
190 1218 315 1282 έκείνιον
338 1219 522 1305 ἐπιδρομάς.
565 1222 619 1287 διά
647 1229 739 1289 τοῦτο
769 1228 824 1290 καί
845 1226 963 1301 πολλάς
986 1221 1134 1309 μηχανάς
1158 1229 1213 1289 καί

70 1324 102 1382 lb
110 1316 301 1401 συνθήματα
325 1322 382 1385 ιιαί
415 1320 619 1406 ὑποσχέσειςὶ
635 1331 701 1400 τοῖς
736 1322 888 1409 Τοὺρκοις
914 1324 1011 1405 δοὺς,
1043 1328 1073 1389 εἰ
1100 1327 1212 1389 τοῦτον

109 1415 291 1499 ποιήσοιντο
319 1423 407 1510 αὑερῖ
425 1420 626 1507 ὑποχείριον,
654 1429 852 1503 ἐξαπέστειλε
881 1429 943 1491 τών
976 1428 1009 1489 έν
1039 1424 1213 1507 ὑπεροχαῖς

109 1517 301 1600 ἀξιωμάτων
329 1524 395 1603 ἕνα,
418 1522 616 1609 στρατιώτην
637 1530 697 1608 μέν
720 1516 808 1606 ὄντα,
836 1530 905 1591 νέον
935 1529 970 1591 δέ
999 1511 1054 1609 τὴν
1088 1524 1213 1608 ἡλικίαν

109 1620 165 1683 καί
186 1623 372 1707 φρονήσεως
386 1626 441 1687 καί
461 1624 594 1708 άνδριάς
611 1625 738 1702 οὑδενός
753 1628 938 1709 ἀποδέοντα,
960 1630 1097 1705 Ἀλέξιον
1118 1627 1214 1711 πρόε-

110 1723 198 1815 δρονΙ
212 1720 268 1787 τόν
290 1726 472 1809 Καμνηνόν·
524 1724 558 1802 ὃς
583 1726 617 1793 ἐν
633 1732 678 1814 τῷ
699 1720 792 1811 ἄστει
818 1731 873 1812 τῆς
895 1730 1064 1811 Ἀμασείας
1086 1728 1214 1811 γενόμε-

26 1910 29 1918 1
59 1838 163 1899 iisne
187 1822 374 1909 ἐκαραδόκει
395 1824 430 1889 τό
453 1829 578 1906 μέλλον.
630 1826 646 1890 o‘
668 1830 704 1892 δὲ
718 1829 898 1903 ·Ῥοασέλιος
926 1834 1036 1913 φιλίας
1059 1832 1114 1891 καί
1134 1849 1214 1891 σον-

27 1937 33 1948 ’
108 1925 213 2009 θήκας
246 1923 327 2007 μετά
348 1928 407 1991 τοὺ
425 1931 488 1992 τοῖν
515 1930 662 2014 Τσὺρκοον
695 1927 882 2013 ἐξάρχοντος
906 1928 1133 2015 ποιησάμενος,
1151 1954 1214 1993 σα-
1241 2004 1245 2009 q

108 2029 209 2110 νῆλδε
230 2023 354 2103 τοὺτοις
377 2031 527 2106 πολλάκις
549 2032 745 2112 εἰμιλοιμένος
769 2032 981 2115 στρατιατών.
1040 2032 1073 2093 ἐν
1094 2034 1154 2119 μιᾷ
1176 2034 1214 2095 δέ

107 2124 308 2203 σύνδειπνος·
324 2128 449 2205 τούτοις
477 2129 631 2215 ὑπάρχων
662 2129 835 2215 ἐπιβουλήν
861 2131 984 2214 ,ὑπέστη
1018 2128 1141 2214 δεινήν·
1183 2126 1215 2195 οἱ
1271 2120 1279 2129 ’

107 2227 171 2313 γάρ
199 2230 335 2313 Ταῦριιοι
353 2232 460 2296 πᾶσαν
482 2236 594 2317 φιλίαν
616 2231 819 2318 προδιδόντες
844 2230 1034 2315 χρημάτων,
1057 2234 1214 2315 κατέσχον

68 2327 217 2400 λθιαδτὸν
235 2330 292 2394 ιιοιί
310 2332 476 2419 δεσμώτην
495 2335 682 2416 ὑπέδειξαν,
705 2328 913 2418 παράγγελμα
935 2332 1069 2416 νόμιμον
1091 2331 1215 2416 ἔχοντες

108 2432 144 2497 τὸ
169 2431 244 2507 τοάς
263 2433 442 2515 Ῥαμαίους
462 2437 588 2500 άπατάν
604 2432 672 2500 καί
693 2437 844 2523 σφάττειν
874 2439 928 2500 καί
951 2435 1138 2518 προδιδόναι
1161 2434 1216 2500 ναί

109 2532 152 2617 μη
178 2535 319 2599 δεδιέναι
339 2528 444 2618 ὅρκον,
464 2530 539 2603 ὅσον
556 2536 593 2601 τά
617 2544 687 2602 κατ’
708 2537 835 2613 αὑτούς.
860 2542 915 2603 καί
935 2532 952 2600 ὃ
973 2541 1030 2619 μὲν
1052 2538 1214 2618 κατείχετο

110 2634 274 2721 δεσμώτης
294 2635 454 2725 αὑτοῖς,,ὑ
474 2641 510 2703 δὲ
533 2638 687 2725 πρόεδρος
714 2640 854 2720 Ἀλέξιος
881 2635 1136 2726 ἒπραγματεὺετο
1158 2635 1212 2704 διὰ

110 2945 242 2999 militibus
270 2955 298 2999 et
321 2961 406 3000 uxore
431 2954 464 3000 et·
476 2947 567 3000 liberis
592 2956 619 3000 et
637 2949 708 3012 suis,
732 2948 847 3000 mediam
870 2963 918 3015 per
942 2953 1040 2998 terram
1065 2946 1212 3014 intrepidus

111 3018 284 3085 procedebat,
305 3016 490 3088 et‘prorincia
507 3021 665 3073 Armeniaca
685 3027 795 3086 recepta
820 3021 909 3087 priora
929 3027 1015 3070 castra
1032 3032 1123 3070 rursus
1144 3018 1213 3069 reli.
1308 3037 1310 3040 ·

112 3093 186 3159 quit:
206 3098 286 3158 atque
304 3093 344 3144 sic
361 3092 529 3145 incursiones
549 3100 640 3143 contra
659 3091 755 3143 Turcas
774 3091 875 3142 faciens
896 3092 981 3142 arcuit
1002 3104 1058 3154 eos,
1077 3105 1112 3140 ne
1132 3088 1213 3139 telem

110 3163 279 3232 provinciam
297 3164 508 3232 aggrederentur
522 3173 547 3216 et
562 3164 670 3216 bellicis
689 3165 883 3216 circumdarent
897 3161 990 3213 malis:
1010 3162 1056 3214 sed
1074 3177 1123 3212 rex
1141 3175 1213 3228 pug-
1245 3186 1247 3194 ι

109 3251 166 3288 nux
184 3243 277 3286 contra
295 3251 354 3287 eum
373 3237 487 3288 consilio
506 3246 585 3288 antea
603 3238 800 3292 commemorati
817 3234 962 3302 llicephori
985 3233 1099 3285 malebat
1116 3231 1213 3284 Tuscus

112 3302 274 3361 Graecorum
294 3316 391 3359 terram
408 3317 501 3360 tenere
520 3325 662 3376 rerumque
680 3309 760 3376 potiri
786 3323 863 3376 quam
882 3308 1002 3358 Latinum
1023 3305 1092 3356 huuc
1111 3306 1138 3356 in
1157 3317 1212 3354 uuo

111 3383 175 3434 loco
192 3381 279 3447 recipi
299 3389 436 3432 etarcere
455 3381 562 3433 illorum
578 3383 702 3448 impetus.
739 3388 882 3447 propterea
902 3381 979 3431 etiam
998 3378 1081 3430 multa
1099 3375 1213 3428 artificia

112 3463 139 3507 et
155 3461 237 3521 pacta
257 3461 282 3504 ct
307 3448 437 3520 promisse
455 3454 546 3506 l'urcis
565 3455 654 3517 dedit,
680 3454 702 3504 si
732 3451 802 3504 hunc
827 3452 969 3504 redderent
987 3450 1038 3502 sibi
1057 3449 1210 3512 obnoxium,

112 3535 139 3578 et
156 3527 231 3578 misit
247 3526 402 3594 dignitatum
420 3527 591 3579 munimntum
602 3526 741 3595 quendam,
762 3525 873 3576 militem
883 3524 998 3592 quidem,
1017 3524 1141 3574 iuvenem
1160 3535 1211 3572 au-

112 3608 166 3651 tem
184 3605 274 3649 aetate
289 3606 316 3648 et
330 3597 512 3665 intelligentia
524 3606 604 3666 atque
618 3597 773 3650 fortitudine
786 3597 893 3647 nemine
902 3595 1067 3660 inferiorem,
1086 3593 1212 3647 Alesiam

113 3672 277 3726 Oomuenum
295 3670 459 3736 praesidem:
480 3673 525 3738 qui
545 3671 661 3737 quidem,
681 3669 819 3738 postquam
834 3669 966 3721 Amesiam
986 3667 1077 3720 urbem
1094 3666 1211 3730 advenit,

113 3744 230 3795 intusum
250 3741 428 3808 exspectabat.
449 3741 575 3794 Ruselius
593 3749 682 3793 nutem
700 3751 839 3811 postquam
853 3742 993 3792 amicitiam
1013 3749 1040 3791 et
1058 3747 1136 3806 pacta
1154 3753 1214 3788 eum

112 3816 254 3867 lurcorum
279 3815 440 3880 imperatore
463 3815 566 3879 iunxit,
592 3829 673 3879 saepe
701 3816 776 3866 venit
801 3815 832 3864 ad
852 3813 919 3878 hos,
940 3813 1051 3864 nudatus
1070 3809 1212 3862 militibust

112 3886 256 3956 aliquando
275 3895 364 3937 autem
388 3900 447 3935 cum
465 3887 535 3952 apud
561 3902 607 3938 eos
627 3886 781 3952 epularetur
799 3887 910 3937 insidias
940 3885 1021 3936 subiit
1039 3884 1124 3935 diruat
1144 3881 1212 3934 'lur-

113 3961 267 4024 cauenim,
286 3958 330 4026 qui
350 3972 454 4008 omnem
474 3960 615 4010 amicitiam
634 3957 813 4024 prodidllsent
831 3958 969 4023 pecuniis,
999 3962 1128 4021 ceperunt
1153 3969 1213 4006 euru

114 4039 142 4082 et
159 4033 277 4083 vinctu!
297 4029 478 4093 reddiderunt,
496 4030 645 4081 mandatum
670 4031 793 4081 usitatum
813 4029 951 4091 habentes,
980 4035 1008 4077 ut
1029 4025 1143 4080 Graecos
1163 4026 1214 4077 de.

115 4104 237 4170 cipereut
261 4112 289 4154 et
314 4102 476 4154 trucidarent
506 4111 534 4153 et
558 4102 702 4170 proderent
723 4116 813 4170 neque
840 4108 999 4152 uererentur
1022 4099 1213 4163 iusiurandum,

116 4183 241 4245 quamam
259 4174 292 4228 ad
311 4189 358 4228 eoa
377 4174 544 4242 pertinebat:
563 4182 644 4245 utque
661 4173 831 4246 hicquidem
849 4171 1013 4226 retinebatur
1032 4173 1152 4240 captivus
1170 4169 1214 4237 iis,
