2967 4825
591 183 804 283 aaronis.
1076 161 1078 167 ⁸
1129 159 1135 166 ¹
1173 199 1250 278 aaa

147 371 265 454 μικρού
284 371 352 436 δεῖν
364 368 585 436 ἐκινδύνευσεν
595 365 700 454 εύρεῖν
713 367 769 453 την
780 368 950 452 ἀπόβασιν,
964 370 1254 456 ἀποκηρυττόμενος

148 472 203 536 καί
222 466 309 551 nupsi
330 473 395 535 τεόν
414 473 569 535 πλείστων
596 475 849 552 συλλειτονργάν
866 468 920 534 καί
941 469 1120 554 ἀρχιερέων
1134 463 1179 544 ἀς
1199 471 1283 554 asiel·
1299 469 1385 529 ator.

145 578 213 651 μετ’
235 569 342 638 αύτιόν
372 558 533 646 κοινωνίας
557 572 684 651 ἀνάξιος
711 570 764 635 διά
799 569 834 635 τό
861 581 925 650 τοῖς
947 580 1111 654 κοσμικαῖς
1131 595 1251 655 προσα-

145 677 250 751 μιλεῖν
281 671 493 757 ἀγριώτερον,
527 671 580 736 καί
606 672 751 754 θεσμούς
772 678 915 757 πατέρων
950 672 1003 737 καί
1025 669 1252 754 ἀποστολικοίις

119 773 278 844 εάθειεῖν
308 773 461 854 κανόνας,
489 773 543 838 καί
569 775 690 858 μυρίαν
719 778 765 861 τῷ
785 777 845 861 βίην
875 773 929 838 καί
946 776 1012 849 τοίς
1032 775 1179 852 εύαχὲσιν
1203 769 1253 837 οἴ-

145 895 212 946 κοις
243 875 297 938 καί
324 877 424 949 θείοις
446 875 609 958 ἐπιφέρειν
634 874 690 957 την
719 875 899 961 συμφοράν.
942 879 997 939 καί
1024 878 1054 940 εἰ
1082 875 1128 958 μη
1157 877 1251 944 κατό-

149 980 226 1036 λυσε
258 971 295 1036 εά
326 977 459 1038 τοιαῦτα
487 971 603 1038 τούτου
625 971 805 1057 ἐγκλήματα
838 974 855 1038 ό
879 974 948 1040 τότε
980 978 1105 1058 κρατῶν
1126 973 1250 1058 αἰτήσει

144 1076 183 1160 τῇ
202 1071 280 1157 πρός
300 1072 375 1150 τούς
398 1072 559 1158 ἀρχιερεῖς
581 1078 638 1140 καί
656 1082 820 1160 μεγίσταις
840 1085 909 1152 ταῖς
932 1075 1092 1156 ἀξιάσεσι,
1114 1074 1167 1142 καί
1189 1075 1250 1142 αύ-

145 1175 198 1248 τός
219 1178 380 1259 φυχαδίας
400 1177 435 1239 ἐκ
452 1177 507 1258 τῆς
528 1178 679 1261 κοσμικῆς
700 1181 886 1252 κακοποιιάς
902 1177 957 1241 καί
972 1180 1030 1242 τού
1044 1173 1162 1261 θρόνου
1186 1178 1249 1242 τόν

101 1277 261 1352 ιθλαῖκοόν
281 1277 434 1359 ἐγεγόνει,
466 1270 524 1342 κάν
546 1277 644 1343 ἔκειτο
665 1283 887 1368 καθηρημὲνος
912 1281 967 1343 καί
990 1285 1091 1365 σπῖλρι
1122 1277 1249 1359 ἀτιμίας

144 1375 443 1458 καταχροιινόμενος.
488 1380 569 1443 ἀλλὰ
595 1379 649 1443 καί
667 1375 711 1456 ἀς
732 1374 794 1444 ούκ
813 1373 922 1465 ἤνεγκε
944 1378 977 1444 τό
1004 1381 1066 1463 πῦρ
1092 1377 1244 1462 όκηρύς·

145 1475 200 1541 καί
219 1479 280 1540 τού
301 1482 511 1563 φιλοχρίοτοο
528 1484 687 1562 βασιλέως
710 1483 960 1566 ἐπιδημήσαντος
985 1485 1082 1567 φρίκη
1106 1477 1247 1548 θανάτου

145 1574 201 1639 καί
222 1577 380 1653 διάλυσις-
395 1584 450 1662 τῆς
471 1583 553 1666 ζωῆς
572 1581 659 1668 αύτῷ
684 1585 870 1664 ἐπεγένετο,
892 1586 966 1664 περί
987 1580 1020 1647 τὸ
1040 1581 1095 1647 τού
1116 1579 1248 1650 Πόντου

144 1672 259 1758 στόμα,
280 1675 360 1743 ἔνθα
381 1705 409 1744 τι
436 1678 592 1767 φρούριον
619 1679 705 1747 ἔστω
736 1684 857 1764 ἀτίμων
882 1683 1006 1768 ἀνόράν
1036 1682 1132 1748 κακόν
1148 1679 1247 1757 ἀκτάε

99 1797 134 1850 15
145 1799 228 1864 φναν,
248 1775 423 1864 triviatim
442 1782 668 1868 καταστροφὴν
690 1786 917 1866 κομισάμενος,
945 1784 988 1858 ὥς
1010 1785 1065 1848 καί
1083 1783 1140 1867 τὴν
1154 1782 1248 1853 ’κόνιν

145 1886 248 1952 αύτού
272 1883 343 1950 ἀντί
371 1886 566 1964 ε’πιτυμβίων
593 1886 677 1966 χοῶν
714 1893 781 1960 τοῖς
809 1883 912 1960 λίθοις
933 1887 1156 1969 ζάτιμασθηναι
1186 1885 1265 1952 ταῖν

144 1983 322 2070 μισούντων
355 1986 456 2049 αύτοῦ
486 1982 521 2048 τό
555 1984 722 2070 κακόηθες.
780 1987 848 2050 ἀλλ’
874 1983 897 2052 ό,
914 1984 1119 2072 φιλόχριστὸς
1141 1983 1249 2054 ούτοσί

145 2084 311 2169 βασιλεύς,
345 2083 455 2170 πόρρω
483 2088 539 2171 την
559 2088 617 2152 τού
638 2086 748 2172 πρώην
769 2083 1015 2168 βασιλεύσαντος
1043 2089 1249 2171 μικρολογίαν

146 2183 403 2267 ἐκτιναξάμενος,
429 2185 485 2251 καί
519 2189 586 2251 δεῖν
619 2184 838 2254 ἀποδεδόσθαι
868 2187 905 2252 τά
933 2191 989 2252 τού
1012 2189 1092 2252 θεοῦ
1120 2188 1161 2274 τῷ
1181 2188 1249 2272 θεῷ

101 2288 293 2364 itineraria,
313 2289 369 2355 καί
389 2288 549 2371 μηδεμιάν
571 2287 672 2375 φειδώ
691 2290 747 2354 τοῦ
770 2291 924 2409 δημορίου
950 2288 1004 2352 κατ’
1023 2289 1079 2370 τῆς
1099 2309 1250 2355 suranu-

144 2391 259 2477 μούσης
295 2388 407 2473 χρείας
435 2387 629 2513 προσφόρως
661 2385 866 2473 θόμενος,“
850 2418 864 2455 ο
899 2417 952 2455 και
979 2385 1248 2469 ἀξιεπαινοότατονι

146 2494 265 2609 πολλης
287 2518 342 2575 της
365 2494 399 2557 ἐκ
419 2490 539 2558 τούτων
560 2494 757 2577 ε’νορωμὲνης
771 2490 941 2577 προσόόευ,
964 2491 1169 2577 ἀποκαθιστηῖ
1190 2488 1248 2567 τοίς

145 2590 295 2667 τοιαύτας
322 2591 511 2716 παραλίους
527 2590 646 2668 σκάλας
680 2602 743 2669 τοῖς
765 2593 885 2679 πρωην
921 2590 1156 2672 δεοπόταις,ε
1141 2578 1248 2667 εἰόνξ

146 2688 438 2778 ἀπεσπάοθηοαν,
456 2694 511 2757 καί
532 2693 760 2783 χρασοβούλλιρ
787 2696 897 2781 γραφῇ
923 2693 961 2759 τὸ
979 2694 1176 2775 ἀμετάθετον
1194 2693 1249 2754 καί

20 2862 27 2877 ,
104 2795 397 2881 κεάπερικτύπητον
421 2791 539 2861 τούτων
560 2797 669 2872 αύτοῖς
690 2798 833 2879 ἐμπεδοῖ,
855 2793 1046 2879 καὶγίνεται
1070 2794 1149 2858 πᾶσι
1170 2795 1249 2876 βοη-

23 3122 28 3138 ·
149 3130 178 3166 se
197 3109 377 3179 coniungebat
396 3110 525 3163 furiosius
546 3118 574 3161 et
596 3110 673 3178 leges
702 3117 806 3178 patrum
836 3118 915 3179 atque
934 3111 1117 3178 apostolorum
1135 3109 1250 3165 tollebat

152 3200 276 3248 canones,
297 3191 323 3234 et
341 3184 437 3251 ingens
456 3184 531 3246 ritae
550 3190 577 3233 et
594 3184 647 3249 piis
669 3183 799 3233 aedificiis
828 3190 854 3234 et
872 3182 971 3235 divinis
989 3182 1117 3234 afferebat
1135 3182 1248 3236 malum:

152 3266 229 3325 atque
248 3255 301 3306 nisi
329 3251 458 3306 solvisset
474 3254 539 3305 talia
558 3254 637 3306 liuius
662 3254 760 3321 probra
785 3254 830 3321 qni
854 3261 908 3305 turn
927 3254 1109 3307 dominabatur
1129 3253 1249 3322 rogando

151 3327 301 3383 sacerdotes
321 3340 436 3378 summos
449 3335 476 3376 et
490 3327 611 3379 maximis
625 3325 808 3394 dignitatibus,
829 3334 855 3378 et
874 3328 931 3393 ipse
951 3326 1028 3379 exsul
1043 3334 1167 3377 terrenae
1184 3340 1249 3393 pra-

151 3400 239 3453 vitatis
259 3406 286 3447 et
303 3396 392 3448 throni
411 3396 475 3449 laici
495 3397 580 3449 laetus
600 3407 682 3460 esset,
702 3405 730 3449 et
747 3398 850 3448 iaceret
866 3398 985 3450 sublatus
1004 3406 1031 3450 et
1049 3412 1113 3449 saxo
1131 3397 1250 3465 ignomi-

96 3481 99 3486 '
150 3474 210 3523 niae
229 3470 397 3537 inquinatus:
416 3470 465 3522 sed
485 3468 531 3521 vel
551 3471 590 3521 sie
608 3485 662 3521 non
680 3468 742 3522 tulit
760 3470 850 3536 ignem
867 3486 945 3521 cera:
969 3478 1049 3539 atque
1073 3484 1131 3519 cum
1150 3467 1250 3523 curisti
1327 3516 1331 3521 .
1422 3496 1432 3506 ⁸
1472 3478 1473 3487 ¹

151 3555 237 3595 amans
257 3557 305 3592 rex
323 3542 472 3605 adveniret,
492 3541 588 3595 horror
606 3542 698 3593 mortis
720 3549 747 3591 et
766 3541 907 3593 dissolutio
927 3542 1000 3594 ritae
1020 3542 1045 3593 ei
1063 3542 1169 3604 accidit,
1190 3556 1249 3594 eurr

152 3616 221 3666 cirea
238 3613 318 3664 maris
338 3627 394 3677 ora,
413 3612 458 3674 ubi
478 3612 617 3665 castellnm
636 3614 746 3682 aliquod
765 3620 806 3665 est
824 3614 938 3680 turpium
958 3612 1091 3666 hominurn
1111 3626 1250 3675 commune

152 3684 311 3753 sepulcrum,
331 3684 433 3736 obitura
463 3685 560 3736 ferret:
579 3686 617 3736 ita
635 3693 664 3736 nt
683 3686 774 3737 otiam·
791 3686 857 3737 einis
878 3686 936 3736 eius
954 3700 1002 3752 pro
1022 3684 1127 3739 iniuriis
1147 3683 1248 3751 lapidi.

151 3758 197 3809 bns
216 3755 409 3809 dehonestatus
424 3758 459 3810 sit
480 3771 581 3819 eorum,
600 3757 645 3823 qui
665 3758 724 3808 eius
743 3758 901 3823 pravitatem
927 3757 1053 3809 odissent.
1091 3756 1138 3809 sed
1160 3754 1249 3813 dirisi

151 3834 238 3881 ainans
256 3827 302 3877 hie
319 3843 378 3892 rex,
397 3827 479 3896 lorge
497 3828 644 3894 superioris
661 3830 735 3895 regis
756 3828 931 3881 humilitatem
951 3830 1097 3890 excutiens,
1118 3835 1144 3879 et
1164 3840 1250 3893 opor-

151 3912 206 3952 tere
226 3900 301 3951 reddi
321 3914 389 3968 quae
408 3900 450 3950 dei
471 3903 571 3963 essent,
590 3900 641 3949 deo
659 3900 835 3965 pronuntians
852 3915 941 3966 neque
960 3898 1040 3949 ullam
1061 3898 1249 3963 parsimoniam

151 3973 247 4023 aerarii
267 3978 294 4021 et
312 3973 456 4038 prementis
475 3987 538 4023 usus
558 3971 650 4021 utilem
669 3978 785 4037 putans2
801 3971 828 4021 id
848 3971 918 4037 qnod
943 3971 1021 4021 etiarn
1039 3970 1151 4019 maxime
1170 3968 1249 4025 laude
1301 3968 1313 3983 “

153 4046 270 4111 dignum,
291 4058 349 4093 cum
368 4056 479 4109 magnus
499 4058 533 4093 ex
554 4042 595 4094 his
614 4048 757 4108 appararet
775 4042 885 4105 reditus,
903 4040 1020 4093 restituit
1042 4039 1088 4092 has
1107 4042 1250 4097 neritinae

155 4114 238 4170 scalas
258 4112 393 4184 prioribus
413 4110 536 4179 dominis,
565 4112 670 4183 quibua-
686 4112 790 4168 denatae.
811 4120 906 4178 erant,
928 4120 954 4164 et
969 4111 1149 4181 imperatoriis
1165 4109 1250 4170 litrrit
