2967 4825
52 169 54 174 ⁸
130 215 343 317 stt
481 266 495 281 ·
573 234 1083 355 hanimi-omniomi
1166 198 1167 201 ‘

266 414 469 505 Βλὰχέρναιλ
491 420 650 510 οἷνοὶκτορα
676 426 862 509 περιέλαβε,
886 426 930 511 πή
962 426 997 489 δέ
1019 420 1077 509 τήν
1098 414 1195 507 ἄλλην
1218 409 1375 508 α’ρκτικιήν

266 518 473 608 έπιφόνειαν,
496 526 552 589 καί
572 523 757 610 περιεσώθη
780 530 877 608 μέχρι
904 527 1035 607 πολλοό,
1064 525 1161 589 πᾶσιν
1185 512 1375 604 α’ναφαυδόν

267 622 574 709 έπικηρυκεοόμενον
598 628 779 719 παρουσίαν
801 628 834 689 έκ
853 628 908 710 τῆς
931 622 1012 701 ὲώας
1031 625 1172 709 μεγάλης
1191 614 1372 699 δυνάμεως·

267 720 297 787 οἱ
329 726 359 787 δ’
399 724 716 812 έπιστημονικώτεροι
747 730 812 791 τών
834 730 1019 811 θεωμένων,
1042 725 1097 791 καί
1117 722 1316 805 συμβολικῶς
1336 712 1374 781 τό

178 857 180 860 ·
268 826 340 888 δίον
353 827 634 911 ἐπιγινώσκοντες,
666 827 729 891 α’πό
753 829 879 915 λα’μπης
900 830 1072 913 λαμπτῆρα
1103 824 1278 913 φωσφόρον
1300 823 1405 885 ἕντι-5

267 913 409 1014 δημήσαι
431 930 496 1005 coia
519 934 693 1010 βασιλείοις
714 929 959 1015 προεσήμαινον,
981 925 1064 994 τόστε
1084 925 1282 1013 χρηματίσαι
1305 926 1375 997 τοῖς

265 1030 326 1113 μέν
349 1030 483 1111 α’γαθοῖς
501 1028 559 1095 καί
580 1028 618 1095 τό
642 1030 724 1115 ὑπὲρ
744 1030 844 1094 ον’τδό
858 1030 1014 1115 φρονοῦσι
1038 1032 1108 1116 φώς
1132 1025 1187 1092 καί
1207 1025 1375 1111 θυμηδίαν

265 1132 322 1195 καί
341 1128 449 1214 χαρὰν
472 1124 689 1215 οἷνεκλοὶλητον,
711 1137 776 1203 τοῖς
800 1133 835 1212 δέ
857 1134 927 1209 κατ’
939 1131 1040 1194 adsoni
1061 1132 1214 1213 μελετόσι
1237 1128 1292 1193 καί
1313 1124 1375 1189 οἰν-

78 1239 85 1254 “
117 1243 123 1258 ‘
174 1244 178 1249 ’
264 1234 495 1315 τιταττομένοις
516 1232 604 1318 αὐτῷ
630 1227 733 1317 φλόγα
757 1234 802 1321 τῷ
823 1225 888 1296 όντι
910 1227 1010 1315 πυρός
1034 1232 1273 1317 κατατήκουσαν
1294 1225 1376 1293 sod-

265 1356 339 1410 τους
368 1336 423 1398 καί
455 1338 701 1399 κατακαίουοαν.
755 1334 814 1399 καί
828 1358 863 1419 γε
897 1338 953 1418 τῆς
975 1336 1169 1419 συμβολικής
1187 1330 1375 1418 πορρήοεως
1386 1342 1424 1397 10

266 1435 307 1499 ον’
329 1434 520 1521 διήμαρτον·
565 1436 701 1519 δηλώσει
724 1437 760 1500 δὲ
782 1432 905 1521 προϊών
931 1435 947 1501 ό
970 1434 1069 1521 λόγος.
1173 1423 1192 1456 ”

370 1538 433 1601 Τοῦ
456 1538 492 1601 δὲ
516 1536 693 1619 όκτωβρίον
714 1537 814 1622 μηνός
838 1534 1094 1620 παρεληλυθότος
1115 1532 1308 1619 όποστατική
1323 1559 1376 1611 τις

266 1636 414 1704 κακόνοια
437 1639 493 1721 τήν
514 1633 653 1720 ἑσπέραν
676 1637 844 1722 αἰφνιδίως
865 1634 1094 1722 περιεδόνηοεν.
1138 1638 1183 1712 είς
1204 1634 1266 1721 γάρ
1286 1636 1377 1701 Ἐπί-

215 1805 219 1814 ,
268 1736 408 1821 δἀμνον,
441 1736 477 1802 τό
499 1739 558 1802 νόν
580 1742 768 1822 κεκλημένον
796 1738 984 1823 Δυρράχιον
999 1786 1020 1821 ,.
1042 1735 1099 1823 τήν
1122 1738 1270 1823 δουρικήν
1291 1736 1386 1820 ἔχων

268 1837 375 1924 οἷρχήν
396 1839 583 1926 Νικηφόρος
611 1840 767 1926 πρόεδρος
795 1826 1025 1926 δ’Βροέννιος,
1048 1842 1103 1904 καί
1123 1831 1376 1923 ταότηςπαρα-
1387 1848 1426 1900 15

267 1941 400 2022 λυθείς,
422 1944 580 2022 βασιλέως
608 1936 713 2030 ἑαυτῷ
743 1946 932 2027 περιέθηκεν
963 1936 1082 2025 ὄνομα,
1111 1947 1166 2009 καί
1186 1952 1250 2019 τοῖς
1274 1945 1377 2007 ἐκεῖσε

267 2041 478 2128 στρατιώταις
500 2046 556 2113 καί
577 2045 708 2119 α’παδοῖς
722 2044 777 2108 καί
798 2040 1049 2129 συστρατιώταις
1071 2043 1271 2131 χρησόμενος
1292 2040 1379 2124 έξει-

128 2168 131 2175 ·
227 2196 230 2201 .
269 2158 321 2207 σιν
345 2139 469 2208 έκεΐθεν
488 2142 859 2229 πρόςἏδριανοόπολιν.
906 2143 1379 2232 ότοότουαότόδελφος,’1ω-

268 2243 362 2327 όννης
391 2243 641 2325 ὀνομαζόμενος,
663 2244 752 2323 τινός
783 2248 844 2312 τών
874 2242 1029 2330 ἑσπερίων
1059 2249 1226 2329 δυνάμεων
1249 2250 1294 2324 είς
1317 2246 1377 2333 τήν

267 2336 352 2409 ι’δίαν
382 2342 555 2429 ἐπιβουλήν
585 2346 799 2431 καταρτίσας,
827 2350 903 2432 μεθ’
934 2337 979 2414 οἷν
1006 2340 1089 2434 ἦσαν
1112 2348 1291 2436 Βαρόγγων
1319 2353 1424 2416 καίῖθ

268 2444 429 2531 Φρόγγων
450 2447 557 2534 πλήθη
577 2445 688 2531 πολλό,
712 2453 757 2538 τρῖ
778 2451 971 2540 αόταδέλφρι
986 2453 1166 2517 συνθέσθαι
1186 2454 1374 2536 παρέπαισε,

223 2554 229 2563 ’
267 2544 328 2645 σόν
350 2549 459 2627 αι’τοῖς
473 2553 518 2616 ’δὲ
537 2553 591 2615 καί
611 2550 666 2616 τόν
688 2551 852 2618 κατιπόνω
875 2555 928 2639 τῆς
951 2545 1050 2640 αὐτῆς
1071 2550 1201 2641 πόλεως,
1222 2556 1375 2640 συγγενέα

346 2726 373 2780 5.
392 2687 519 2802 λαπέῆρα
538 2729 568 2784 G.
642 2728 684 2782 18.
705 2728 732 2800 ό]
746 2729 818 2804 ἔνθα
837 2728 873 2784 d'l

269 2885 358 2929 autem
391 2877 572 2944 angustiarum
600 2877 697 2929 fretum
711 2886 906 2948 ¹transgressus
939 2878 982 2930 hic
1013 2879 1222 2933 blachernarum
1246 2881 1376 2948 templum

271 2947 415 3015 corripuit,
434 2947 494 2999 illic
518 2947 650 3016 reliquam
665 2949 802 3002 borealem
820 2949 989 3018 superficiem
1022 2957 1049 3002 et
1075 2959 1248 3005 conservatus
1270 2961 1311 3004 est
1326 2953 1377 3004 diu

271 3020 393 3073 omnibus
412 3019 486 3071 clare
504 3021 628 3073 nuntians
646 3021 788 3074 adventum
809 3038 842 3074 ex
860 3024 964 3074 criente
982 3024 1071 3092 magni
1095 3025 1237 3078 exercitus.
1259 3025 1305 3093 qui
1324 3040 1376 3076 ao.

270 3094 386 3160 caranus
405 3090 604 3160 intelligebant,
624 3108 693 3161 quae
711 3095 844 3159 viderant,
874 3101 901 3146 et
921 3110 954 3146 en
972 3095 1049 3164 signo
1068 3097 1250 3149 necessarium
1269 3111 1376 3164 cogno.

268 3165 389 3231 scebant,
411 3180 445 3215 ex
463 3163 588 3232 squalore
617 3165 703 3216 lacem
732 3166 868 3218 lucentem
892 3167 920 3217 in
947 3169 1049 3234 regiam
1075 3167 1246 3221 adventuram
1266 3168 1376 3221 divina.

268 3237 341 3302 bant,
359 3237 485 3289 uideret
503 3236 581 3288 bouis
601 3245 628 3288 et
646 3238 678 3290 de
699 3253 731 3289 eo
752 3237 930 3308 cogitantibus
952 3237 999 3289 lux
1018 3249 1044 3292 et
1062 3239 1183 3292 hilaritas
1204 3248 1231 3291 et
1249 3241 1375 3310 gaudium

267 3307 463 3372 inenarrabile,
485 3307 519 3360 iis
539 3316 636 3373 autem,
657 3311 702 3376 qui
729 3319 822 3361 contra
842 3326 901 3361 eum
919 3310 1109 3363 meditarentur
1129 3320 1156 3362 et
1174 3320 1375 3379 opponerentur

269 3383 306 3445 ei,
326 3380 429 3433 llamrna
448 3394 546 3430 revera
563 3381 635 3448 ignis
660 3380 839 3449 liquefaciens
869 3379 919 3434 hos
939 3388 966 3432 et
991 3382 1168 3452 conflagrans.
1205 3391 1285 3452 atque
1305 3399 1374 3451 pro.

268 3452 340 3504 iacto
366 3453 395 3503 in
413 3450 563 3518 symbolica
581 3452 765 3517 praedictione
787 3467 842 3505 non
862 3462 1000 3506 errarunt:
1030 3456 1101 3524 quod
1119 3454 1266 3511 declarabit
1284 3457 1374 3508 oratio

171 3536 179 3550 ·
232 3589 235 3591 ‚
267 3525 428 3590 procedens.

368 3611 434 3666 Cum
454 3619 542 3662 autem
553 3609 670 3663 October
680 3612 779 3664 mensis
798 3614 992 3679 praeteriisset,
1013 3615 1152 3668 seditionis
1173 3615 1300 3684 quaedam
1319 3616 1374 3665 im.

268 3683 410 3750 prudentia
425 3683 603 3734 ,occidentem
628 3676 741 3748 repente
762 3685 905 3736 concussit.
954 3685 1092 3752 Epidamni
1112 3688 1191 3752 euim,
1212 3689 1282 3756 quod
1300 3701 1374 3740 nunc
1428 3720 1433 3725 -

268 3762 382 3806 vocatur
394 3753 599 3819 Dyrrhachium,
618 3754 693 3805 ducis
712 3755 851 3821 imperium
870 3755 971 3809 habens
987 3757 1153 3826 Nicephorus
1173 3775 1282 3826 praeses
1300 3759 1375 3825 Bry-

270 3820 465 3893 ennius'atque
483 3824 535 3876 hoc
553 3826 671 3890 solutus,
697 3829 770 3894 regis
789 3827 839 3878 sibi
858 3829 985 3895 imposuit
1002 3843 1110 3895 nomem
1136 3839 1163 3882 et
1179 3831 1217 3882 ibi
1235 3831 1375 3884 versanti-

274 3897 323 3949 bus
340 3896 470 3949 militibus
491 3904 519 3948 et
538 3897 678 3949 comitibus
699 3904 725 3948 et
742 3900 824 3951 sociis
844 3914 907 3952 usus
927 3901 1063 3969 egreditur
1082 3903 1143 3954 inde
1160 3902 1374 3970 Adrianopolinz

220 3997 224 4001 ·
272 3967 351 4021 huius
369 3969 461 4034 irater,
481 3967 595 4021 loannes
624 3969 720 4033 dictus,
740 3970 922 4023 occidentales
943 3973 1068 4040 quosdam
1093 3975 1227 4028 exercitus
1246 3975 1279 4026 ad
1296 3989 1375 4026 suum

162 4091 171 4113 Ι
271 4039 412 4092 consilium
430 4042 575 4106 instruens,
603 4041 762 4109 intorques
793 4050 868 4095 eraut
885 4041 1067 4112 Barangorum
1095 4053 1121 4098 et
1139 4045 1304 4116 Frangorum
1321 4059 1375 4096 co-

269 4112 332 4180 piae
350 4112 513 4178 permultae,
531 4113 581 4180 iis,
599 4123 629 4165 ut
656 4114 731 4166 fratri
752 4115 921 4179 accederent,
940 4109 1084 4183 persuasit,
1106 4133 1220 4186 cumque
1237 4120 1271 4171 iis
1292 4119 1375 4169 etiam

267 4181 408 4255 praelecto
435 4185 553 4240 eiusdem
578 4185 668 4252 urhis,
693 4188 740 4255 qui
767 4193 899 4257 cognatus
922 4185 1001 4242 huius
1019 4197 1047 4242 et
1071 4189 1229 4245 contribulis
1254 4197 1327 4244 erat:
1345 4196 1378 4240 et
