2967 4825
263 274 340 350 252
455 386 471 396 .
561 283 777 356 attentatis
806 282 1066 354 intereunte

262 458 308 535 ῦς
330 461 365 526 δέ
385 459 437 527 τόν
460 460 550 553 α’έροιΙ
572 462 716 545 πλήττων
738 459 841 541 Ιμόνον
867 461 1041 540 ἐδείκνυτο,
1064 461 1119 525 καί
1135 449 1205 535 όνος
1229 450 1269 543 ἦν
1288 455 1369 544 πρδς
1459 454 1460 459 ’

266 558 408 643 λογικοῦς
428 564 483 624 κατ’
510 561 650 649 λογισμῷ
674 566 827 644 κρείττονι
850 560 1202 646 κατεστρατηγημένους
1226 556 1368 642 όγκοόμε-

263 682 333 741 νος,
365 661 442 749 σ’ργῇ
463 659 519 726 καί
546 662 640 750 δυμρῦ
662 659 719 747 την
743 660 856 747 ψυχὴν
878 664 1065 742 ε’κκαυδείς,
1090 665 1145 726 καί
1165 657 1315 743 βακχικόν
1334 684 1368 725 τι

263 760 318 827 καί
348 761 532 847 σιληνιακόν
561 762 786 850 πεφρονηκοός,
808 765 879 849 ’πῦρ
911 765 1000 846 ἐνῆκε
1027 772 1096 839 ταῖς
1118 765 1368 848 παρακειμένοις

263 862 377 940 οἰκίαις
399 859 461 928 dud
482 866 541 928 τοῦ
562 864 653 949 όγιόυ
677 863 940 950 Παντελεὴμσνσς
960 869 1058 949 μέχρι
1078 866 1140 930 των
1167 862 1395 945 οἶναπλεομέ-5
1460 934 1461 967 η

263 968 450 1047 νωνμερῦν
480 969 537 1031 τοῦ
558 970 683 1031 Στενοῦ.
739 968 795 1029 καί
816 966 835 1049 ἦ
856 964 936 1052 φλόξ
960 968 1099 1051 α’ρδεϊσα
1122 964 1228 1040 πάσας
1249 964 1367 1047 σχεδόν
1460 970 1461 1053 ᾗ

263 1063 321 1139 τάς
350 1068 451 1143 οἰκίας
490 1065 573 1153 πλὴν
603 1067 715 1148 δλίγων
743 1065 1018 1153 κατεδαπάνησεν,
1039 1062 1082 1142 ῦς
1103 1069 1158 1131 καί
1180 1065 1368 1151 εόκτηρίους
1460 1070 1461 1077 ’

263 1162 370 1241 οἴκους
392 1172 447 1233 καί
466 1176 665 1253 περικαλλεῖς
685 1171 786 1245 οἰκίας
800 1172 855 1234 καί
876 1166 974 1245 ναοῦς
992 1166 1168 1252 ἐπισήμους
1191 1169 1293 1252 πυρὸς
1313 1190 1369 1251 γε-

264 1268 378 1331 νέσθαι
402 1272 577 1352 θεομισοῦς
599 1270 831 1355 παρανάλωμα.
875 1275 929 1335 καί
948 1274 1072 1353 μάλλον
1093 1270 1155 1335 νοῦν
1170 1269 1366 1348 Ἰουδαϊκῶν,

225 1404 233 1414 ,
265 1366 319 1431 διό
342 1366 377 1434 τό
401 1373 509 1449 ξῦλοις
534 1377 745 1458 κατηρτίσθαι
766 1370 886 1458 πάσας,
919 1371 1054 1453 ου’δεμία
1077 1372 1209 1457 διέφυγε
1232 1367 1291 1453 τήν
1310 1372 1370 1433 τοῦ
1381 1382 1411 1434 10
1461 1458 1462 1463 η

265 1467 367 1554 πυρός
395 1470 508 1559 ἐρωήν.
560 1473 650 1563 έρόκει
683 1475 719 1537 δέ
750 1466 840 1548 οὗτος
866 1475 912 1563 τρῖ
941 1476 1088 1554 μέλλοντι
1110 1474 1169 1554 μὲν
1191 1470 1370 1554 άποσβόσαι

265 1574 341 1655 πῦρ,
361 1576 457 1665 ε’λαίιρ
494 1579 530 1643 δὲ
552 1578 620 1641 κατ’
641 1577 741 1641 αῦτοῦ
769 1581 924 1666 χρωμένῳ
947 1577 1003 1640 καί
1027 1572 1087 1658 την
1107 1572 1202 1657 ἶσχόν
1222 1571 1372 1638 ἐντεῦθεν
1461 1578 1462 1587 ’

265 1677 374 1753 μεῖζον
402 1678 579 1762 ἐπαίροντι·
631 1679 806 1758 μισοῦντας
841 1676 902 1761 γάρ
934 1678 1032 1743 ου’τόν
1062 1675 1138 1751 τοῦς
1166 1675 1373 1749 πολίταςκαὶ

266 1770 322 1861 τόν
342 1774 456 1841 τοῦτου
482 1776 694 1865 αῦτάδελφον,
715 1783 761 1854 εἰς
783 1784 888 1844 πλεῖον
913 1788 1007 1862 μῖσος
1037 1781 1071 1843 ἐκ
1091 1782 1146 1861 τῆς
1166 1776 1373 1861 οἷτοπωτάτης

264 1874 399 1961 η’ρέβισε
421 1878 574 1964 πράξεως.
616 1880 660 1956 υδς
683 1883 713 1945 δ’
734 1879 814 1965 έγνω
836 1876 953 1945 ἑαυτόν
982 1880 1084 1965 μάτην
1105 1882 1160 1945 ε’τιί
1180 1886 1286 1953 κακοῖς
1309 1879 1373 1943 αῦ-
1383 1896 1413 1949 15

264 1974 430 2059 λιζόμενον
452 1984 508 2044 καί
529 1978 681 2059 διαύλους
699 1980 819 2066 σκηνάς
840 1978 1064 2067 ἐργαζόμενον,
1088 1985 1143 2047 καί
1165 1984 1210 2070 τῷ
1231 1982 1371 2064 χειμῦνι

265 2079 375 2154 δεινιός
395 2081 477 2161 μετά
488 2085 551 2149 τιῦν
572 2088 875 2168 συστρατευομένων
897 2085 984 2173 crispi
1005 2085 1200 2168 πιεζόμενον,
1224 2080 1372 2165 άναστή-

264 2204 324 2255 σας
351 2178 409 2267 την
439 2182 592 2268 στρατιάν
623 2185 703 2269 πρός
735 2180 876 2269 ἑσπέραν
906 2181 1046 2266 ἐβάδιζε.
1097 2188 1152 2249 καί
1181 2178 1280 2259 αῦτός
1308 2186 1371 2266 μέν

263 2280 324 2347 σόν
344 2282 420 2349 δυσί
440 2282 656 2371 παρατάξεσιν
678 2288 725 2366 εἰς
747 2286 782 2351 τδ
804 2289 862 2350 τοῦ
882 2282 1007 2369 :adipe
1029 2289 1192 2369 πολίχνιον
1215 2279 1371 2369 κατεσκή-
1462 2274 1463 2349 ό

203 2388 207 2397 “
261 2407 354 2467 νωσε,
376 2381 412 2450 τό
435 2388 470 2450 δὲ
491 2386 601 2453 λοιπόν
624 2391 745 2474 πλῆθος
767 2390 812 2463 εἰς
833 2387 1098 2472 παραχειμασίαν
1112 2388 1280 2453 διέδωκεν.
1378 2398 1412 2456 20

359 2488 436 2568 Ὀψὲ
458 2488 494 2552 δὲ
526 2488 581 2554 καί
601 2492 748 2575 βραδέως
781 2485 796 2553 δ
824 2486 976 2570 βασιλεῦς
998 2485 1181 2573 ἐπεμνήσθη
1202 2485 1370 2552 τοῦῬου-
1439 2517 1443 2526 ¹

173 2639 175 2641 .
263 2589 370 2652 σελίου
393 2587 448 2653 καί
468 2592 525 2673 τῆς
545 2589 645 2655 αῦτοῦ
665 2590 899 2675 γενναιότητος,
921 2586 1063 2670 πόματον
1085 2583 1227 2672 άραικοιί
1247 2583 1368 2672 έξιορον

181 2774 184 2782 ¹
262 2685 296 2752 τό
315 2691 502 2772 λυσιτελοῦν
523 2689 792 2778 προστησάμενος.
846 2687 929 2774 έχων
947 2689 1010 2775 γάρ
1036 2688 1134 2756 ον’τόν
1154 2692 1189 2755 έν
1210 2713 1366 2776 παραφυ-

263 2980 351 3035 solum
370 2991 512 3050 appareret
529 2991 556 3035 et
578 2984 667 3038 asinus
690 2992 762 3038 esset
780 2986 908 3038 adversus
927 2985 1032 3037 ratione
1050 2984 1185 3051 praeditas
1206 2991 1233 3035 et
1252 2984 1367 3035 ratioci-
1461 2985 1464 3054 υ

262 3055 372 3105 natione
389 3055 505 3108 meliore
524 3056 616 3112 ductos
635 3058 752 3121 rudens,
772 3059 811 3109 ira
838 3066 864 3108 et
882 3059 968 3108 animo
989 3064 1097 3109 exustus
1115 3057 1229 3124 animam
1250 3064 1277 3108 et
1294 3056 1366 3108 Bac.

262 3125 369 3178 charum
391 3135 418 3179 et
436 3128 587 3180 Silenorum
606 3130 669 3197 quid
688 3131 806 3197 spirans,
827 3131 917 3197 ignem
930 3130 1025 3180 iniecit
1043 3128 1225 3180 adiacentibus
1245 3127 1367 3180 domibus

261 3198 324 3249 inde
344 3213 359 3248 a
377 3197 405 3252 S.
425 3199 632 3252 Penteleemene
650 3217 734 3269 usque
763 3203 795 3253 ad
815 3217 859 3252 eas
880 3217 947 3269 quae
967 3216 1069 3252 sursum
1098 3201 1259 3269 navigaretur
1277 3208 1366 3267 partes

261 3272 458 3337 angustiarum:
478 3281 558 3340 atque
576 3271 677 3324 damma
698 3274 813 3324 excitata
832 3289 923 3325 omnes
944 3271 1001 3323 fere
1020 3273 1111 3324 domus
1131 3273 1224 3340 paucis
1244 3272 1366 3338 exceptis

262 3343 418 3407 consumsit,
438 3344 477 3394 ita
493 3352 522 3395 ut
540 3345 619 3396 etiam
637 3344 738 3396 sacella
749 3344 882 3411 'precibus
902 3344 1032 3396 faciendis
1056 3345 1187 3396 destinata
1206 3352 1233 3394 et
1250 3343 1365 3412 perpul-

261 3412 342 3464 chrae
363 3415 455 3467 demus
471 3424 498 3467 et
516 3415 614 3482 templa
633 3416 771 3482 praeclara
796 3418 867 3484 ignis
896 3417 992 3468 tierent
1009 3416 1058 3466 deo
1078 3417 1159 3468 invisi
1181 3424 1301 3467 sumtus:
1320 3423 1365 3466 at-

261 3500 314 3553 que
333 3487 417 3554 magis
437 3503 470 3537 ex
488 3487 603 3540 Iudaicis
625 3488 688 3555 quia
707 3503 799 3541 omnes
819 3488 899 3556 lignis
918 3496 993 3539 erant
1021 3496 1187 3551 exstructae,
1212 3487 1288 3538 nulla
1312 3487 1363 3537 do-

262 3571 319 3626 rpus
339 3557 434 3625 effugit
462 3559 532 3626 ignis
557 3559 693 3625 impetum.
743 3559 882 3612 videbatur
907 3568 994 3611 autem
1022 3559 1066 3609 hic
1092 3559 1263 3626 exstinguere
1288 3556 1363 3610 velle

263 3628 372 3694 ignem,
397 3630 445 3680 sed
464 3630 527 3681 oleo
548 3638 640 3681 contra
660 3647 718 3682 cum
738 3646 801 3682 usus
832 3632 886 3682 vim
904 3632 966 3682 inde
983 3632 1111 3682 maiorem
1131 3632 1266 3682 excitare:
1287 3631 1362 3681 cives

262 3699 349 3760 enim,
368 3700 414 3766 qui
434 3715 493 3749 eum
523 3702 626 3752 eteius
656 3703 764 3753 fratrem
783 3703 908 3767 oderant,
935 3702 966 3754 ad
985 3704 1068 3754 maius
1088 3703 1176 3754 odium
1195 3702 1361 3768 ineptissime

262 3769 391 3821 excitarit
408 3769 488 3821 facte.
526 3787 586 3821 cum
604 3781 693 3823 autem
712 3773 894 3827 intellexisset
912 3790 942 3826 ae
961 3775 1058 3826 frustra
1077 3776 1104 3826 in
1116 3772 1193 3826 malis
1213 3775 1316 3826 versari
1335 3781 1363 3823 et

260 3839 289 3891 iu
314 3841 444 3909 angustiis
469 3843 585 3894 tentoria
611 3844 719 3911 iacere,
748 3854 774 3896 et
802 3846 889 3896 hicme
924 3848 1043 3913 graviter
1069 3862 1126 3898 cum
1150 3845 1280 3897 militibus
1307 3846 1361 3896 suis
1463 3893 1464 3900 ,

259 3913 360 3978 premi,
390 3914 509 3966 excitans
529 3917 675 3967 exercitum
698 3919 731 3969 ad
750 3918 916 3970 occidentem
946 3918 1109 3984 procedebat
1126 3925 1205 3986 atque
1224 3919 1284 3984 ipse
1303 3928 1361 3966 curn
1389 3969 1393 3982 Ι
1462 3933 1464 3944 ’

261 3983 517 4038 duobus-ordinibus
535 3987 563 4038 in
582 3989 679 4055 oppido
689 3989 793 4056 Athyra
811 3990 1013 4058 castraposuit:
1033 3988 1168 4058 reliquam·
1182 3997 1271 4042 autem
1289 3986 1360 4038 mul.

260 4054 398 4107 titudinem
416 4058 444 4106 in
464 4057 575 4111 hiberna
594 4061 694 4113 divisit.
874 4081 877 4086 ·

359 4149 425 4204 Sero
444 4162 532 4209 autem
551 4163 578 4207 et
595 4158 670 4210 tarde
689 4173 737 4209 rex
762 4159 918 4210 meminerat
935 4157 1039 4212 Ruselii
1068 4160 1179 4227 eiusque
1197 4157 1359 4220 nobilitatis,

259 4222 380 4276 ultimum
405 4233 432 4276 et
454 4227 671 4292 intempestivum
697 4230 768 4297 quod
787 4231 914 4297 prodesse
943 4239 1034 4298 posset
1053 4232 1226 4285 constituens.
1264 4237 1359 4283 tenena
