2967 4825
591 265 798 384 nrsrorn,
954 327 961 334 .
1169 265 1311 367 mr¹

145 426 388 514 α’ναφεράμενον
410 418 583 511 άντιιιρος,
605 471 643 482 -
666 437 759 497 τοῦτο
780 435 949 509 διοπτιιιιός
972 427 1119 515 ἐπιννοός
1141 453 1244 499 σπον-

144 527 204 610 δήν
223 528 395 613 ἐποιήσατο
425 527 481 612 τήν
511 527 602 596 νόσον
632 533 752 616 τοτ’την
783 531 826 607 αἱς
848 536 893 608 εἰς
915 528 1020 614 δεινήν
1043 528 1242 598 ἐλαύνουσαν
1291 609 1297 616 1

144 627 345 713 χαλεπότητα
367 634 493 714 στῆσαι,
516 635 572 694 καί
587 630 683 710 νόμον
702 635 889 715 ἀντιστῆσαι
911 633 1021 718 ταύτῃ,
1044 639 1109 706 τοῖς
1127 629 1246 699 otveri

145 730 307 810 πάσχουσι
327 728 513 813 βοηδόνιιαί
534 729 749 816 συλλήπτορα,
772 731 827 796 καί
839 741 904 806 τοῖς
927 737 1102 813 βασιλικοῖς
1124 726 1243 814 {sappb-

94 825 215 902 κξιταις
238 833 294 892 καί
315 832 421 905 αιίτοῖς
441 834 629 911 βασιλεῦσιν
651 820 813 914 εἰσάγοντα
832 831 889 916 τήν
918 833 1015 914 χάριν
1039 833 1166 895 δικαίαν
1190 827 1263 902 τισί,

143 926 285 1010 ἔννομον,
300 933 360 997 ,καί
375 934 549 1016 φροντίδος
571 930 720 1016 τοιαύτης
740 933 859 1009 αιίτοίις
881 935 1164 1012 άπαλλάττοοσαν,
1190 932 1246 998 καί

144 1026 201 1111 τήν
222 1029 465 1115 ετίηοιομοσόνην
489 1035 544 1097 καί
563 1036 737 1115 θεραπείαν
761 1039 988 1116 περιποιοῦσαν
1009 1030 1244 1118 α’πόρθητοντῷ

142 1128 259 1211 θάρρει
278 1134 339 1216 ,τοῦ
367 1133 587 1216 φυλάττεσθαι
612 1132 687 1210 τοός
707 1139 765 1199 τοῦ
784 1139 942 1215 βασιλέως
971 1117 1174 1220 θεραπευτάς
1189 1128 1244 1196 καί

140 1225 222 1310 μετά
243 1229 389 1312 τελεοτήν
421 1233 524 1296 αὐτοῦ
545 1229 648 1318 πάσης
677 1236 928 1316 δεισιδαιμονίας
955 1238 1078 1318 α’θιχιῖς
1099 1231 1153 1301 ιιαί
1179 1254 1243 1296 οια-

96 1331 295 1423 1οκοποιιάς.
339 1325 415 1395 ὅθεν
437 1330 641 1416 πανταχόθεν
673 1340 717 1422 τιή
738 1329 839 1399 πάθει
859 1335 957 1424 τούτῳ
988 1339 1162 1417 θεραπείαν
1185 1337 1244 1416 δη-

143 1427 296 1513 ράμενος,
319 1432 438 1513 νεαρὰν
458 1438 650 1512 νομοθεσίαν
669 1438 813 1520 ἐκτίθησι
839 1439 1010 1521 πρόρριζον
1031 1432 1271 1515 intemavemus.
1290 1444 1374 1502 238τ.

141 1527 175 1594 τό
198 1534 367 1606 sanctatis
389 1537 480 1597 τοῦτο
500 1536 556 1597 καί
576 1537 849 1619 παρανομώτατον
872 1537 1082 1620 ἐπιχείρημα,
1101 1534 1242 1620 φάμενος

130 1625 190 1697 ,ὅτι
224 1633 352 1698 πάντων
382 1631 584 1717 α’τοπάτατάν
609 1634 692 1700 ε’στιν
719 1638 758 1700 ἵν’
782 1633 892 1728 οἱμὲν
916 1636 1118 1711 δοολεάοντες
1151 1636 1244 1702 ἰδιά-

139 1759 205 1818 ται,
227 1733 384 1818 ἀγροίκοις
408 1733 557 1818 δηλονότι·
577 1741 631 1801 ιιαί
655 1743 799 1812 πολίταις
829 1741 884 1802 ιιαί
907 1729 1065 1820 άρχοοσι,
1086 1736 1169 1818 μετά
1192 1759 1244 1804 τε-

96 1832 257 1917 15λευτήν
279 1836 384 1900 οιάτάν
412 1836 554 1919 λεχάτοις
580 1842 731 1917 τιμῶνται
755 1841 810 1904 καί
830 1840 1067 1924 φιδιιιομίσσοις
1092 1841 1147 1905 καί
1167 1839 1245 1924 π’ρε-
1306 1861 1311 1875 ‘

140 1938 279 2015 οβείοις,
313 1934 391 2000 ἔνιοι
423 1941 458 2000 δὲ
491 1936 545 2001 καί
575 1943 819 2022 ιιληρονομιάις,
843 1944 903 2026 ,καί
926 1939 1012 2021 μετά
1034 1943 1088 2024 τῆς
1122 1941 1244 2006 τοότιον

140 2037 326 2122 προσθήκης
347 2038 519 2121 ἔχωσιιιαί
537 2037 592 2114 τάς
614 2039 697 2113 ι’δίας
718 2039 845 2122 κτήσεις
866 2042 1029 2124 α’νοιτίρας
1050 2038 1165 2118 παντός
1186 2041 1244 2125 ζη-
1272 2107 1278 2116 ,

139 2137 278 2222 τήματος
300 2142 355 2203 ιιαί
376 2138 615 2223 προβλήματος,
638 2137 668 2205 οἱ
691 2144 726 2204 δὲ
758 2146 820 2206 ταῖν
841 2146 1000 2224 βασιλέοιν
1021 2143 1221 2226 θεραπευταί
1234 2194 1243 2226 ,

139 2229 186 2312 οἷς
205 2241 323 2319 μείζων
344 2239 361 2301 ό
381 2239 521 2321 κάματος
547 2246 602 2306 καί
629 2239 664 2305 τό
699 2238 966 2326 ατίτοιιρατοριιιόν
994 2242 1065 2315 δίος
1094 2242 1243 2325 διηνεκεῖς

95 2345 356 2425 conspiratam,
387 2340 466 2425 πρός
487 2348 530 2431 τῷ
561 2343 616 2406 καί
632 2340 779 2427 τοιαύτης
815 2339 1030 2408 ἐπιτελεοτιὀο
1059 2344 1243 2427 φιλοτιμίας

139 2446 194 2505 καί
215 2446 278 2508 τάν
301 2447 422 2509 οἰκείων
450 2446 687 2529 ἀποστερῶνται
708 2444 795 2528 παρά
818 2446 879 2539 ταῖν
898 2448 1066 2523 μετέπειτα
1087 2446 1243 2523 βασιλέων

138 2548 195 2608 καί
215 2546 277 2609 τάν
297 2544 418 2621 τούτοις
440 2545 689 2630 παρατυχόντων
713 2546 890 2631 ὑπηρετῶν,
918 2547 973 2610 ιιαί
998 2544 1042 2622 uir
1072 2546 1242 2627 κακοῦργοι

137 2643 194 2707 καί
216 2646 405 2731 προσάντεις
425 2645 455 2711 ci
475 2650 578 2723 καλάς
601 2644 843 2732 διακονήσαντες
866 2644 1108 2715 άπελαόνανται
1136 2645 1242 2711 otacus

210 2809 244 2862 20
263 2808 396 2895 τοιαύτας
413 2810 443 2866 G.
474 2819 478 2825 ’
541 2813 584 2865 22.
605 2809 818 2885 περιτυχόντων
835 2810 866 2866 G.

141 2986 242 3037 ponere
261 2972 334 3038 huic,
353 2975 392 3026 sic
411 2973 518 3027 efflictis
540 2974 669 3026 auxilium
690 2983 717 3025 et
735 2974 855 3038 socium,
876 2981 903 3025 et
922 2989 990 3042 quae
1009 2972 1094 3041 regiis
1112 2973 1240 3027 ministris

141 3053 168 3095 et
187 3045 253 3111 ipsis
280 3045 389 3112 regibus
415 3048 558 3098 adduceret
582 3047 693 3115 gratiam
718 3047 813 3097 iustam
841 3052 868 3095 et
886 3044 1032 3114 legitimum
1056 3053 1083 3095 et
1109 3060 1173 3097 cura
1191 3045 1240 3096 tali

141 3130 188 3166 eos
213 3113 342 3168 liberaret
367 3126 394 3169 et
410 3118 509 3169 bonum
530 3120 645 3169 animum
673 3125 701 3167 et
727 3118 892 3168 curationem
923 3117 1052 3168 excitaret
1069 3115 1239 3180 inturbatsm,

141 3202 200 3238 cum
220 3188 384 3241 confiderent
398 3199 532 3241 serratum
551 3191 583 3241 iri
598 3190 670 3257 regis
683 3190 819 3240 ministros
830 3186 875 3239 vel
892 3196 953 3255 post
971 3187 1072 3238 obitum
1092 3188 1148 3239 eius
1168 3187 1240 3239 omni

140 3261 331 3326 superstitione
358 3262 470 3313 intactos
496 3270 522 3312 et
545 3262 657 3312 iniuria:
684 3261 755 3311 unde
779 3260 878 3327 ubique
904 3260 973 3310 maio
994 3259 1055 3309 huic
1076 3258 1240 3311 curationem

140 3347 241 3383 venans
261 3346 358 3383 novam
370 3333 465 3401 'legens
487 3333 549 3397 edit,
572 3348 640 3400 quae
661 3332 788 3384 radicitus
809 3330 943 3383 scinderet
962 3330 1123 3381 malevolum
1141 3328 1193 3381 hoc
1213 3335 1240 3395 pt

140 3403 341 3455 iniustissimum
360 3406 504 3471 inceptum,
524 3404 688 3455 contendens
708 3403 823 3453 omnium
843 3402 1036 3468 ineptissimum
1055 3417 1124 3464 esse,
1145 3415 1238 3454 servos

140 3476 260 3541 privatos
280 3477 424 3544 agrestium
444 3486 470 3527 et
489 3477 587 3528 civium
608 3483 634 3526 et
647 3475 743 3544 ducum
762 3482 823 3541 post
839 3473 939 3524 obitum
960 3488 1049 3539 eorum
1069 3472 1166 3539 legatis
1185 3470 1237 3522 bu..

139 3548 229 3597 nornri
249 3556 276 3598 et
292 3548 504 3600 fideicommissis
525 3556 552 3598 et
569 3548 646 3599 donis
668 3546 836 3609 honorariis,
864 3544 1008 3597 nonnullos
1029 3545 1107 3596 etiam
1126 3542 1237 3595 heredi-

139 3618 237 3669 tatibus
258 3627 362 3670 etcum
390 3620 482 3671 barum
504 3621 667 3671 accessione
692 3618 791 3669 babere
818 3617 897 3667 etism
916 3616 1033 3683 privatas
1051 3615 1236 3683 possessiones

140 3690 293 3756 superiores
323 3693 395 3742 umni
414 3692 570 3760 quaestione
592 3699 619 3742 et
637 3690 844 3755 impedimento:
866 3694 958 3740 contra
979 3702 1073 3755 regum
1090 3687 1236 3749 ministres,

139 3761 235 3828 quibus
254 3764 338 3813 maior
356 3761 476 3814 laboret
497 3762 666 3829 imperatoris
687 3770 774 3813 metus
792 3768 923 3827 perpetuu
944 3759 1028 3823 adsit,
1052 3753 1237 3825 praeterquu

140 3833 218 3883 etiam
236 3832 302 3884 talia
320 3834 354 3885 iis
374 3834 529 3901 contingant
547 3834 666 3885 defuncti
686 3832 770 3897 dona,
791 3832 869 3881 etiarn
894 3832 948 3883 suis
967 3831 1068 3897 privari
1087 3846 1103 3880 a
1121 3829 1237 3896 posteris

138 3905 247 3973 regibus
266 3913 346 3972 atque
365 3921 455 3956 eorum
474 3905 611 3968 ministris,
631 3912 712 3970 atque
731 3912 760 3953 ut
788 3902 924 3953 maleficos
945 3910 971 3952 et
990 3902 1158 3953 adversarios
1178 3914 1236 3963 eus,

139 3977 185 4041 qui
204 3975 317 4043 pulchre
335 3978 509 4039 serviissent,
533 3974 634 4041 expelli
655 3974 775 4026 domibus
797 3982 824 4022 et
842 3972 967 4023 urbibus:
996 3979 1137 4038 propterea
1157 3973 1236 4021 etism

138 4044 227 4113 legem
255 4048 288 4098 de
306 4049 339 4099 iis
359 4048 480 4113 scripsit,
507 4062 575 4114 quae
594 4046 676 4097 talem
698 4044 838 4096 avaritiam
868 4051 895 4093 et
911 4042 1069 4109 pravitatem
1085 4041 1235 4108 impediret,

138 4124 168 4168 ut
186 4118 219 4169 ad
237 4134 327 4171 omnes
349 4120 439 4186 regios
465 4118 587 4172 homines
605 4125 757 4184 serpentem
784 4123 810 4165 et
834 4128 913 4180 reges
936 4112 1066 4163 servitute
1086 4114 1235 4179 privantem
1257 4174 1263 4187 η

138 4186 313 4254 plurimarum
333 4199 359 4242 st
376 4191 507 4243 bonorum
524 4191 661 4255 virorum,
686 4204 745 4239 eum
762 4187 888 4238 timerent
906 4183 1028 4236 acerbam
1048 4192 1075 4236 et
1087 4183 1233 4237 violentam
