2967 4825
505 259 784 345 ¹nrssoan.·j
848 306 851 311 -
910 242 971 337 ff
1094 262 1169 339 soe

69 443 133 512 εἴτε
145 451 275 531 σημτῖον
293 445 353 511 ote
373 444 497 529 ἀγαθόν
509 443 662 535 ἐπεφάνη,
686 446 805 531 πολλὴν
819 445 1053 531 terraemotis
1075 444 1172 530 όρευ·

69 574 123 614 ναν
145 544 273 630 κοίτην
295 550 433 633 ζήτησιν,
452 548 497 632 μη
520 546 583 613 που’
604 576 634 614 τι
650 553 715 614 ταῖν
735 547 868 615 δεόντων
890 548 945 614 καί
967 548 1170 631 ἁρμοζόντων
1264 558 1265 563 ’

69 648 283 734 παρελείφθη,
311 642 332 730 ἢ
365 654 525 732 παρθένος
552 652 588 714 όκ
606 654 672 715 τοῖν
697 654 926 737 φυλαττουσῶν
955 648 990 715 τό
1010 650 1169 713 α’θόνατον

68 753 126 833 πόρ
149 748 208 832 την
222 753 400 835 παρθενίαν
418 750 550 837 όκλόπη,
569 746 590 837 ἢ
606 752 807 835 παρανομίας
822 748 973 835 ἐπράχθη
989 750 1168 831 δνείδισμα,
1224 738 1233 757 '

16 865 20 875 “
45 852 119 918 troi
137 851 233 932 χόλος
255 854 403 917 ε’ντεόθεν
425 858 513 928 θεῖος
534 862 600 928 τοῖς
617 853 789 936 Ῥωμαίοις
809 850 980 917 ἐπαπειλεῖ.
1026 856 1080 915 καί
1102 853 1170 915 διτ-

68 950 253 1035 ρεονιόμενοι
285 950 434 1033 πολλάκις
455 949 603 1040 εόρτοκον
626 952 685 1031 τός
717 956 786 1043 τοόν
803 948 1018 1038 οἶτοπημάτων
1041 931 1170 1027 αἰτίας·

68 1054 119 1119 καί
141 1054 369 1137 διορθοόμενοι
389 1052 529 1138 τούτοις,
559 1060 614 1121 καί
632 1053 668 1120 τό
693 1061 783 1119 θεῖον
806 1057 1068 1136 όξευμενίσασθαι
1090 1062 1170 1139 πλη-

69 1158 317 1242 ροφορηθίντες,
347 1155 426 1238 μετὰ
456 1155 606 1242 τοιαότης
633 1156 839 1241 παρασκευῆς
861 1154 929 1219 ’καί
959 1153 1102 1239 θάρσους
1124 1158 1199 1233 sicr.
1217 1172 1304 1231 cose.

70 1258 138 1331 τοός
160 1258 319 1340 πολέμους
340 1259 493 1344 ἐχώρουν,
514 1262 569 1324 καί
591 1258 783 1343 κατοόρθουν,
799 1255 925 1337 ου’τοός,
946 1254 1000 1321 ἐπί
1020 1256 1169 1339 μεγάλοις

34 1364 227 1442 1οτροπαίοις
241 1361 300 1435 τάς
316 1364 405 1436 νίκας
419 1363 611 1445 ἐπαίροντες.
635 1358 705 1424 inei
717 1356 773 1424 καί
791 1359 882 1424 τοῦτο
903 1368 968 1437 τοῖς
986 1367 1170 1444 στρατηγοῖς

70 1460 128 1526 διό·
143 1466 286 1547 σπουδῆς
314 1462 383 1529 καί
398 1467 565 1549 φροντίδος
587 1463 721 1548 ε’γίνέτο,
754 1460 789 1526 τό
813 1460 982 1546 καθαρμόν
1005 1466 1168 1526 ποιεῖσθαι

61 1566 104 1650 τῇ
123 1568 258 1653 στρατιᾷ
280 1564 398 1640 παντός
421 1557 693 1649 &instaurabat
713 1560 932 1655 ρὐπάσματος,
955 1568 1009 1627 κατ’
1028 1559 1118 1645 μετά
1133 1561 1168 1626 τό

69 1670 211 1749 καθῆραι
231 1666 350 1759 ταότην
371 1666 406 1731 τό
430 1661 689 1751 προκινδυνεόειν
713 1669 767 1749 τῆς
799 1669 950 1749 πατρίδος
973 1658 1101 1745 ἄμεινον
1122 1656 1192 1727 εἶ·-

67 1793 115 1833 νατ
137 1770 360 1853 διελογίζοντο,
412 1775 476 1843 τοῖς
508 1771 544 1832 δὲ
577 1773 634 1833 νόν
660 1764 830 1849 Ῥωμαίοις
859 1768 952 1831 οόδὲν
977 1766 1095 1830 τοότοον
1116 1761 1172 1827 διά

34 1870 232 1955 15φροντίδος
263 1873 370 1950 ἐστίν,
403 1872 471 1934 ἀλλ’
504 1867 534 1934 οἶ
554 1873 613 1951 μὲν
644 1868 782 1952 οἷρχηγοί
807 1866 929 1932 τούτων
956 1866 1011 1932 καί
1030 1872 1171 1948 βασιλεῖς

64 1969 229 2055 προφάσει
252 1972 450 2055 δημοσιακῆς
472 1972 628 2057 ω’φελείας
652 1969 691 2033 τὰ
718 1974 864 2051 χείριστα
886 1970 941 2033 καί
962 1970 1098 2049 θεομισῆ
1117 1966 1172 2027 καί

68 2074 238 2157 παράνομα
271 2070 537 2164 διαφράττονται,
569 2068 586 2134 ό
617 2075 654 2135 δὲ
678 2073 737 2134 τοό
769 2075 905 2154 στρατοῦ
939 2063 1172 2155 προηγοόμενος

66 2172 108 2257 μη
131 2179 338 2257 προσανέχειν
361 2176 406 2263 τῷ
430 2178 567 2264 πολέμῳ,
591 2177 673 2259 μηδὲ
694 2175 734 2260 τῇ
758 2176 888 2257 πατρίδι
910 2173 1016 2253 νέμειν
1036 2166 1075 2232 τό
1098 2164 1182 2231 όσια-

67 2274 327 2357 προαιρούμενος,
350 2278 405 2340 καί
423 2273 481 2360 την
501 2278 536 2340 όκ
557 2278 613 2359 τῆς
632 2276 719 2358 νίκης
741 2270 837 2351 δόξαν
860 2272 1072 2357 περιφρονῶν,
1092 2263 1173 2351 πρός

32 2373 99 2445 toti
125 2366 303 2459 copiosiora
323 2370 394 2442 όλον
416 2370 533 2442 ἔαυτόν
557 2376 714 2452 ἐπιτείνει,
743 2369 874 2458 κοίτην
897 2369 1090 2456 στρατηγίαν
1112 2348 1172 2447 ἔμ’-

68 2481 182 2561 ποριάν
204 2480 353 2562 κέρδους,
389 2477 447 2542 οόκ
470 2479 645 2563 εδπραγίαν
665 2478 721 2542 τοῦ
745 2477 827 2539 ἰδίου
853 2471 967 2547 ἔθνους
988 2471 1056 2534 οὐδ’
1077 2467 1171 2532 εόδο-
1200 2524 1204 2534 ,

68 2582 135 2656 ξιον
158 2581 342 2672 πεποίηται.
387 2579 421 2646 τό
446 2581 481 2644 δὲ
506 2579 613 2643 λοιπὸν
632 2582 763 2662 πλῆθος,
787 2580 821 2642 ἐκ
844 2578 905 2642 τῶν
927 2573 1092 2660 ἡγεμόνων
1113 2569 1172 2647 τοὶς

69 2677 220 2767 α’φορμός
239 2683 421 2769 λαμβάνον,
443 2678 501 2756 τοὶς
535 2679 658 2754 οἶδικίας
681 2677 876 2753 όκαθὲκτους
898 2725 907 2743 .
930 2724 940 2742 .
966 2725 973 2742 .
1008 2679 1061 2740 καί
1081 2675 1174 2741 όναι·

71 2993 174 3045 tionem
195 2990 454 3059 inquisitionemque
471 3003 506 3039 ne
527 2987 590 3056 quid
609 2985 757 3038 necessarii
777 2991 804 3036 et
821 2983 876 3052 apti
895 2981 1094 3050 negligeretur,
1114 2979 1173 3032 sive

72 3067 151 3135 virgo
174 3080 207 3115 ex
233 3064 278 3133 ll⁵›
297 3078 366 3131 quae
388 3059 574 3112 custodiebant
596 3065 734 3110 aeternum
760 3057 859 3124 iguem,
889 3054 1044 3122 virginitate
1068 3052 1173 3117 privata

73 3137 132 3202 luit,
153 3137 216 3188 sire
234 3134 327 3203 legum
344 3132 528 3202 neglectarum
549 3129 618 3182 iacta
638 3137 696 3181 erat
706 3129 853 3197 ignominia
874 3133 900 3176 et
917 3126 956 3175 ira
975 3123 1037 3174 inde
1047 3123 1173 3174 Romanis

74 3209 165 3260 lirina
189 3207 348 3258 minabatur.
388 3213 414 3255 et
440 3210 600 3274 quaerentes
622 3214 814 3269 saepenumero
842 3195 1016 3248 inveniebant
1043 3194 1173 3261 iniquita.

74 3289 125 3332 tum
143 3295 240 3332 causas
256 3288 282 3330 et
300 3279 467 3345 corrigentes
500 3290 545 3327 eas
567 3283 647 3342 atque
665 3288 695 3325 se
715 3286 813 3323 numen
831 3269 949 3321 divinum
968 3266 1090 3334 placasse
1108 3279 1173 3331 per.

74 3367 180 3405 suasum
199 3351 329 3403 babentes
347 3365 406 3401 cum
423 3348 471 3400 tali
489 3355 617 3414 apparatu
638 3353 665 3396 et
682 3345 770 3396 animo
790 3344 817 3393 in
836 3339 909 3392 bella
927 3339 1001 3390 ibant
1011 3347 1037 3388 et
1056 3335 1173 3387 feliciter

74 3424 205 3492 gerebant
224 3440 271 3486 ea,
294 3422 395 3490 magnis
414 3421 533 3486 tropaeis
551 3418 680 3471 victorias
698 3415 843 3468 tollentes:
862 3410 1072 3481 quandoquidem
1095 3408 1173 3460 etiam

74 3495 124 3547 hoc
144 3496 258 3548 ducibus
277 3494 364 3546 studio
387 3502 413 3544 et
432 3508 512 3544 curae
532 3491 600 3555 luit,
620 3497 650 3540 ut
669 3489 849 3555 expiationem
866 3483 1038 3536 instituerent
1065 3479 1172 3531 exerci-

73 3570 112 3618 tui
131 3569 219 3620 omnis
236 3566 355 3618 iniuriae
373 3572 401 3616 et
417 3563 652 3616 contaminationis
672 3569 699 3612 et
720 3561 827 3626 expiato
854 3555 906 3606 hoc
928 3568 1098 3622 propugnare
1123 3565 1173 3619 pro

74 3641 161 3707 patria
178 3639 276 3690 melius
296 3653 356 3690 esse
377 3635 518 3688 ducebant.
557 3634 693 3685 hodiernis
717 3640 805 3684 autem
831 3629 956 3682 Romanis
981 3625 1054 3676 nihil
1079 3625 1173 3676 horum
1270 3665 1272 3672 .

75 3728 156 3764 curae
175 3719 234 3763 est:
256 3709 304 3762 sed
321 3709 402 3761 duces
417 3708 525 3778 quidem
544 3706 637 3757 horum
655 3720 790 3774 regesque
799 3703 891 3770 speeie
911 3698 1035 3768 publicae
1050 3697 1175 3748 utilitatis

74 3785 189 3850 pessima
211 3791 238 3834 et
254 3782 304 3833 deo
325 3783 413 3834 invisa
430 3789 457 3832 et
481 3779 623 3846 illegitima
642 3777 799 3843 perficiunt:
820 3774 953 3824 exercitus
973 3778 1060 3822 autem
1086 3771 1174 3836 impe.

73 3865 144 3908 rator
165 3871 220 3907 non
238 3853 380 3905 intendens
397 3854 513 3905 animum
534 3849 609 3902 bello
628 3864 719 3915 neque
736 3848 840 3915 patriae
858 3845 977 3896 tribuere
996 3844 1066 3893 iustu
1092 3843 1195 3906 satius*

74 3929 175 3980 ducens
193 3926 227 3977 'et
245 3925 358 3994 gloriam
376 3926 508 3976 victoriae
526 3921 669 3990 negligens
687 3919 720 3969 ad
743 3919 846 3969 lucrum
865 3933 894 3968 se
913 3924 995 3967 totum
1015 3913 1130 3964 advertit
1149 3919 1176 3962 et

73 4001 217 4066 imperium
233 4006 409 4049 mercaturam
428 3997 507 4060 lucri,
526 4009 580 4046 nou
600 3994 732 4044 fortunam
752 3991 792 4042 sui
824 3987 918 4055 populi
942 4001 1032 4054 neque
1060 3984 1174 4052 gloriam

72 4072 265 4124 reddiderunt:
285 4069 391 4138 reliqua
409 4076 497 4119 autem
515 4064 667 4127 multitudo,
686 4077 702 4113 a
719 4059 831 4114 ducibus
849 4060 928 4126 copia
954 4059 1038 4120 iacta,
1064 4057 1176 4108 iniurias

72 4145 216 4196 indomitas
236 4143 377 4194 committit
396 4148 424 4194 et
440 4139 587 4206 impudenti
604 4138 706 4204 impetu
723 4140 852 4201 cognatos
880 4130 949 4182 male
977 4137 1004 4180 et
1032 4127 1177 4179 crudeliter

72 4217 255 4286 persequitur,
275 4211 384 4282 rapiens
411 4220 440 4265 et
463 4212 592 4264 evincens
616 4223 686 4278 quae
709 4206 753 4259 his
771 4211 832 4259 suut
852 4203 978 4272 propria,
1005 4208 1048 4291 et¹
1061 4196 1175 4255 hostiurn
