<?xml version="1.0" encoding="UTF-8"?>
<!DOCTYPE html PUBLIC "-//W3C//DTD XHTML 1.0 Transitional//EN"
    "http://www.w3.org/TR/xhtml1/DTD/xhtml1-transitional.dtd">
<html xmlns="http://www.w3.org/1999/xhtml" xml:lang="en" lang="en">
 <head>
  <title>
</title>
<meta http-equiv="Content-Type" content="text/html;charset=utf-8" />
  <meta name='ocr-system' content='tesseract 3.04.00' />
  <meta name='ocr-capabilities' content='ocr_page ocr_carea ocr_par ocr_line ocrx_word'/>
</head>
<body>
  <div class='ocr_page' id='page_1' title='image "./corpusscriptoru41theogoog/corpusscriptoru41theogoog_0298.png"; bbox 0 0 2967 4825; ppageno 0'>
   <div class='ocr_carea' id='block_1_1' title="bbox 244 246 1049 338">
    <p class='ocr_par' dir='ltr' id='par_1_1' title="bbox 244 246 1049 338">
     <span class='ocr_line' id='line_1_1' title="bbox 244 246 1049 338; baseline -0.01 -10"><span class='ocrx_word' id='word_1_1' title='bbox 244 253 320 330; x_wconf 80' lang='lat'><strong>280</strong></span> <span class='ocrx_word' id='word_1_2' title='bbox 545 246 1049 338; x_wconf 73' lang='lat' dir='ltr'><strong>moninusln&#39;rltto&#39;rls</strong></span> 
     </span>
    </p>
   </div>
   <div class='ocr_carea' id='block_1_2' title="bbox 113 411 1459 2631">
    <p class='ocr_par' dir='ltr' id='par_1_2' title="bbox 169 411 1359 713">
     <span class='ocr_line' id='line_1_2' title="bbox 169 411 1345 509; baseline -0.015 -14"><span class='ocrx_word' id='word_1_3' title='bbox 169 491 173 495; x_wconf 79' lang='grc'>,</span> <span class='ocrx_word' id='word_1_4' title='bbox 244 427 305 502; x_wconf 68' lang='lat' dir='ltr'><strong>»iric</strong></span> <span class='ocrx_word' id='word_1_5' title='bbox 326 423 380 490; x_wconf 86' lang='grc' dir='ltr'><strong>καί</strong></span> <span class='ocrx_word' id='word_1_6' title='bbox 403 424 620 509; x_wconf 64' lang='lat' dir='ltr'><strong>inaltatus,</strong></span> <span class='ocrx_word' id='word_1_7' title='bbox 636 420 693 487; x_wconf 88' lang='grc' dir='ltr'><strong>καί</strong></span> <span class='ocrx_word' id='word_1_8' title='bbox 713 422 755 486; x_wconf 89' lang='grc' dir='ltr'><strong>οὐ</strong></span> <span class='ocrx_word' id='word_1_9' title='bbox 766 419 865 503; x_wconf 85' lang='grc' dir='ltr'><strong><em>μόνον</em></strong></span> <span class='ocrx_word' id='word_1_10' title='bbox 886 413 1039 502; x_wconf 81' lang='grc' dir='ltr'><strong><em>βασιλεύς</em></strong></span> <span class='ocrx_word' id='word_1_11' title='bbox 1062 411 1143 481; x_wconf 69' lang='lat' dir='ltr'><strong>titt</strong></span> <span class='ocrx_word' id='word_1_12' title='bbox 1166 415 1222 480; x_wconf 76' lang='lat' dir='ltr'><strong>atui</strong></span> <span class='ocrx_word' id='word_1_13' title='bbox 1242 411 1345 498; x_wconf 87' lang='grc' dir='ltr'><strong><em>πατήρ</em></strong></span> 
     </span>
     <span class='ocr_line' id='line_1_3' title="bbox 247 519 1347 612; baseline -0.012 -20"><span class='ocrx_word' id='word_1_14' title='bbox 247 523 387 612; x_wconf 77' lang='grc' dir='ltr'><strong><em>άγαδός·</em></strong></span> <span class='ocrx_word' id='word_1_15' title='bbox 439 526 585 612; x_wconf 85' lang='grc' dir='ltr'><strong><em>άνίχνενε</em></strong></span> <span class='ocrx_word' id='word_1_16' title='bbox 611 524 672 609; x_wconf 72' lang='grc' dir='ltr'><strong>γάρ</strong></span> <span class='ocrx_word' id='word_1_17' title='bbox 702 522 756 588; x_wconf 87' lang='grc' dir='ltr'><strong><em>διά</em></strong></span> <span class='ocrx_word' id='word_1_18' title='bbox 788 519 901 596; x_wconf 87' lang='grc' dir='ltr'><strong><em>παντὸς</em></strong></span> <span class='ocrx_word' id='word_1_19' title='bbox 931 521 987 584; x_wconf 89' lang='grc' dir='ltr'><strong>καί</strong></span> <span class='ocrx_word' id='word_1_20' title='bbox 1014 519 1170 605; x_wconf 76' lang='grc' dir='ltr'><strong>φροντίδα</strong></span> <span class='ocrx_word' id='word_1_21' title='bbox 1200 519 1347 599; x_wconf 73' lang='grc' dir='ltr'><strong>μεγίστην</strong></span> 
     </span>
     <span class='ocr_line' id='line_1_4' title="bbox 247 612 1359 713; baseline -0.014 -17"><span class='ocrx_word' id='word_1_22' title='bbox 247 618 370 696; x_wconf 70' lang='grc' dir='ltr'><strong><em>ἐτίθετο</em></strong></span> <span class='ocrx_word' id='word_1_23' title='bbox 392 626 426 693; x_wconf 88' lang='grc' dir='ltr'><strong>τδ</strong></span> <span class='ocrx_word' id='word_1_24' title='bbox 449 621 533 692; x_wconf 80' lang='grc' dir='ltr'><strong><em>ἅπαν</em></strong></span> <span class='ocrx_word' id='word_1_25' title='bbox 550 628 662 713; x_wconf 78' lang='grc' dir='ltr'><strong><em>ἐξᾶραι</em></strong></span> <span class='ocrx_word' id='word_1_26' title='bbox 683 622 746 690; x_wconf 79' lang='lat' dir='ltr'><strong>uini</strong></span> <span class='ocrx_word' id='word_1_27' title='bbox 770 621 960 708; x_wconf 51' lang='lat' dir='ltr'><strong>npoocinoo„</strong></span> <span class='ocrx_word' id='word_1_28' title='bbox 975 623 1031 706; x_wconf 87' lang='grc' dir='ltr'><strong>τής</strong></span> <span class='ocrx_word' id='word_1_29' title='bbox 1051 622 1109 705; x_wconf 80' lang='grc' dir='ltr'><strong>γής</strong></span> <span class='ocrx_word' id='word_1_30' title='bbox 1133 617 1274 702; x_wconf 87' lang='grc' dir='ltr'><strong><em>άδίιιημα</em></strong></span> <span class='ocrx_word' id='word_1_31' title='bbox 1295 612 1359 680; x_wconf 84' lang='grc' dir='ltr'><strong><em>καί.</em></strong></span> 
     </span>
    </p>

    <p class='ocr_par' dir='ltr' id='par_1_3' title="bbox 174 727 1193 817">
     <span class='ocr_line' id='line_1_5' title="bbox 174 727 1193 817; baseline -0.012 -20"><span class='ocrx_word' id='word_1_32' title='bbox 174 803 177 810; x_wconf 54' lang='grc'>,</span> <span class='ocrx_word' id='word_1_33' title='bbox 248 727 409 817; x_wconf 86' lang='grc' dir='ltr'><strong><em>άνύμημα.</em></strong></span> <span class='ocrx_word' id='word_1_34' title='bbox 694 790 702 809; x_wconf 71' lang='lat'>‚</span> <span class='ocrx_word' id='word_1_35' title='bbox 1185 745 1193 758; x_wconf 72' lang='lat'><strong>⁴</strong></span> 
     </span>
    </p>

    <p class='ocr_par' dir='ltr' id='par_1_4' title="bbox 113 815 1459 2631">
     <span class='ocr_line' id='line_1_6' title="bbox 351 815 1370 910; baseline -0.012 -15"><span class='ocrx_word' id='word_1_36' title='bbox 351 817 445 907; x_wconf 76' lang='grc' dir='ltr'><strong><em>Τέλος</em></strong></span> <span class='ocrx_word' id='word_1_37' title='bbox 474 832 509 895; x_wconf 83' lang='grc' dir='ltr'><strong>δὲ</strong></span> <span class='ocrx_word' id='word_1_38' title='bbox 528 833 592 894; x_wconf 86' lang='grc' dir='ltr'><strong><em>τών</em></strong></span> <span class='ocrx_word' id='word_1_39' title='bbox 608 830 783 910; x_wconf 74' lang='grc' dir='ltr'><strong><em>βασιλικῶν</em></strong></span> <span class='ocrx_word' id='word_1_40' title='bbox 809 824 1067 910; x_wconf 67' lang='grc' dir='ltr'><strong><em>εὐεργετημάτων</em></strong></span> <span class='ocrx_word' id='word_1_41' title='bbox 1096 823 1152 886; x_wconf 87' lang='grc' dir='ltr'><strong>καί</strong></span> <span class='ocrx_word' id='word_1_42' title='bbox 1172 815 1370 885; x_wconf 88' lang='grc' dir='ltr'><strong><em>διαδύσεων5</em></strong></span> 
     </span>
     <span class='ocr_line' id='line_1_7' title="bbox 247 917 1394 1018; baseline -0.015 -19"><span class='ocrx_word' id='word_1_43' title='bbox 247 926 321 1000; x_wconf 80' lang='grc' dir='ltr'><strong><em>ούτε</em></strong></span> <span class='ocrx_word' id='word_1_44' title='bbox 341 935 430 1018; x_wconf 84' lang='grc' dir='ltr'><strong><em>κόρος</em></strong></span> <span class='ocrx_word' id='word_1_45' title='bbox 451 930 486 997; x_wconf 84' lang='grc' dir='ltr'><strong>τά</strong></span> <span class='ocrx_word' id='word_1_46' title='bbox 510 930 641 996; x_wconf 91' lang='grc' dir='ltr'><strong><em>σύνολον</em></strong></span> <span class='ocrx_word' id='word_1_47' title='bbox 664 923 711 1014; x_wconf 83' lang='grc' dir='ltr'><strong><em>ήν,</em></strong></span> <span class='ocrx_word' id='word_1_48' title='bbox 733 920 801 994; x_wconf 77' lang='grc' dir='ltr'><strong><em>οὐτ’</em></strong></span> <span class='ocrx_word' id='word_1_49' title='bbox 818 929 917 994; x_wconf 79' lang='grc' dir='ltr'><strong><em>εἰπεῖν</em></strong></span> <span class='ocrx_word' id='word_1_50' title='bbox 933 926 1019 1015; x_wconf 76' lang='grc' dir='ltr'><strong><em>αὐτῷ</em></strong></span> <span class='ocrx_word' id='word_1_51' title='bbox 1038 927 1191 1008; x_wconf 79' lang='grc' dir='ltr'><strong><em>δξεγδνετο</em></strong></span> <span class='ocrx_word' id='word_1_52' title='bbox 1212 917 1246 986; x_wconf 92' lang='grc' dir='ltr'><strong>τδ</strong></span> <span class='ocrx_word' id='word_1_53' title='bbox 1272 925 1348 1003; x_wconf 84' lang='grc' dir='ltr'><strong><em>παρ’</em></strong></span> <span class='ocrx_word' id='word_1_54' title='bbox 1386 957 1394 971; x_wconf 44' lang='grc' dir='ltr'>κ</span> 
     </span>
     <span class='ocr_line' id='line_1_8' title="bbox 243 1014 1345 1117; baseline -0.017 -15"><span class='ocrx_word' id='word_1_55' title='bbox 243 1033 458 1117; x_wconf 81' lang='grc' dir='ltr'><strong><em>Ἀλεξάνδρον</em></strong></span> <span class='ocrx_word' id='word_1_56' title='bbox 488 1035 543 1098; x_wconf 81' lang='grc' dir='ltr'><strong>τού</strong></span> <span class='ocrx_word' id='word_1_57' title='bbox 577 1030 769 1106; x_wconf 84' lang='grc' dir='ltr'><strong><em>Μακεδόνος</em></strong></span> <span class='ocrx_word' id='word_1_58' title='bbox 803 1031 899 1096; x_wconf 85' lang='grc' dir='ltr'><strong><em>ε’νίοτε</em></strong></span> <span class='ocrx_word' id='word_1_59' title='bbox 926 1025 1186 1114; x_wconf 81' lang='grc' dir='ltr'><strong><em>προφερόμενον,</em></strong></span> <span class='ocrx_word' id='word_1_60' title='bbox 1219 1014 1273 1086; x_wconf 81' lang='grc' dir='ltr'><strong>ὅτε</strong></span> <span class='ocrx_word' id='word_1_61' title='bbox 1302 1018 1345 1105; x_wconf 91' lang='grc' dir='ltr'><strong>μή</strong></span> 
     </span>
     <span class='ocr_line' id='line_1_9' title="bbox 192 1123 1348 1221; baseline -0.011 -20"><span class='ocrx_word' id='word_1_62' title='bbox 192 1129 205 1136; x_wconf 56' lang='grc'><strong>”</strong></span> <span class='ocrx_word' id='word_1_63' title='bbox 245 1136 453 1221; x_wconf 68' lang='grc' dir='ltr'><strong>εὐεργετήσας</strong></span> <span class='ocrx_word' id='word_1_64' title='bbox 489 1131 602 1217; x_wconf 79' lang='grc' dir='ltr'><strong><em>ἔτυχε,</em></strong></span> <span class='ocrx_word' id='word_1_65' title='bbox 642 1131 678 1196; x_wconf 90' lang='grc' dir='ltr'><strong>τδ</strong></span> <span class='ocrx_word' id='word_1_66' title='bbox 714 1127 872 1216; x_wconf 70' lang='grc' dir='ltr'><strong><em>“σήμερον</em></strong></span> <span class='ocrx_word' id='word_1_67' title='bbox 902 1130 959 1194; x_wconf 87' lang='grc' dir='ltr'><strong>οὐκ</strong></span> <span class='ocrx_word' id='word_1_68' title='bbox 986 1123 1208 1209; x_wconf 56' lang='lat' dir='ltr'><strong>asteriscos?</strong></span> <span class='ocrx_word' id='word_1_69' title='bbox 1262 1125 1348 1188; x_wconf 91' lang='grc' dir='ltr'><strong><em>πάσα</em></strong></span> 
     </span>
     <span class='ocr_line' id='line_1_10' title="bbox 244 1221 1349 1321; baseline -0.012 -21"><span class='ocrx_word' id='word_1_70' title='bbox 244 1234 317 1321; x_wconf 51' lang='grc' dir='ltr'><strong>γάρ,</strong></span> <span class='ocrx_word' id='word_1_71' title='bbox 338 1231 444 1319; x_wconf 79' lang='grc' dir='ltr'><strong><em>ήμίρα</em></strong></span> <span class='ocrx_word' id='word_1_72' title='bbox 474 1232 592 1311; x_wconf 86' lang='grc' dir='ltr'><strong><em>παντδς</em></strong></span> <span class='ocrx_word' id='word_1_73' title='bbox 623 1233 810 1317; x_wconf 74' lang='grc' dir='ltr'><strong><em>δωρήματος</em></strong></span> <span class='ocrx_word' id='word_1_74' title='bbox 841 1227 962 1295; x_wconf 86' lang='grc' dir='ltr'><strong><em>τελείαν</em></strong></span> <span class='ocrx_word' id='word_1_75' title='bbox 992 1229 1047 1292; x_wconf 87' lang='grc' dir='ltr'><strong>καί</strong></span> <span class='ocrx_word' id='word_1_76' title='bbox 1067 1225 1211 1310; x_wconf 75' lang='grc' dir='ltr'><strong>ταραχῆς</strong></span> <span class='ocrx_word' id='word_1_77' title='bbox 1241 1221 1349 1312; x_wconf 69' lang='lat' dir='ltr'><strong>spoi-</strong></span> 
     </span>
     <span class='ocr_line' id='line_1_11' title="bbox 246 1327 1387 1419; baseline -0.012 -18"><span class='ocrx_word' id='word_1_78' title='bbox 246 1359 304 1401; x_wconf 92' lang='grc' dir='ltr'><strong>νον</strong></span> <span class='ocrx_word' id='word_1_79' title='bbox 334 1333 445 1401; x_wconf 77' lang='grc' dir='ltr'><strong><em>ταύταν</em></strong></span> <span class='ocrx_word' id='word_1_80' title='bbox 476 1333 543 1419; x_wconf 79' lang='grc' dir='ltr'><strong><em>ἔχει</em></strong></span> <span class='ocrx_word' id='word_1_81' title='bbox 572 1337 718 1419; x_wconf 81' lang='grc' dir='ltr'><strong><em>παροχία</em></strong></span> <span class='ocrx_word' id='word_1_82' title='bbox 747 1335 802 1396; x_wconf 88' lang='grc' dir='ltr'><strong>καί</strong></span> <span class='ocrx_word' id='word_1_83' title='bbox 822 1327 1051 1417; x_wconf 73' lang='grc' dir='ltr'><strong><em>ἀφθονώτατον</em></strong></span> <span class='ocrx_word' id='word_1_84' title='bbox 1071 1327 1248 1411; x_wconf 76' lang='grc' dir='ltr'><strong>πρύτανιν·</strong></span> <span class='ocrx_word' id='word_1_85' title='bbox 1298 1327 1350 1389; x_wconf 90' lang='grc' dir='ltr'><strong>καί</strong></span> <span class='ocrx_word' id='word_1_86' title='bbox 1358 1332 1387 1387; x_wconf 84' lang='grc'><strong>10</strong></span> 
     </span>
     <span class='ocr_line' id='line_1_12' title="bbox 248 1419 1347 1524; baseline -0.014 -22"><span class='ocrx_word' id='word_1_87' title='bbox 248 1436 302 1502; x_wconf 88' lang='grc' dir='ltr'><strong><em>διά</em></strong></span> <span class='ocrx_word' id='word_1_88' title='bbox 335 1435 438 1521; x_wconf 87' lang='grc' dir='ltr'><strong><em>πάσης</em></strong></span> <span class='ocrx_word' id='word_1_89' title='bbox 465 1437 614 1524; x_wconf 84' lang='grc' dir='ltr'><strong><em>άφορμής</em></strong></span> <span class='ocrx_word' id='word_1_90' title='bbox 644 1433 761 1518; x_wconf 79' lang='grc' dir='ltr'><strong><em>ἐχώρει</em></strong></span> <span class='ocrx_word' id='word_1_91' title='bbox 789 1434 840 1517; x_wconf 80' lang='grc' dir='ltr'><strong>ἐφ’</strong></span> <span class='ocrx_word' id='word_1_92' title='bbox 874 1419 899 1519; x_wconf 75' lang='grc' dir='ltr'><em>ᾧ</em></span> <span class='ocrx_word' id='word_1_93' title='bbox 930 1431 1052 1512; x_wconf 80' lang='grc' dir='ltr'><strong><em>μηδένα</em></strong></span> <span class='ocrx_word' id='word_1_94' title='bbox 1082 1429 1139 1512; x_wconf 86' lang='grc' dir='ltr'><strong>τής</strong></span> <span class='ocrx_word' id='word_1_95' title='bbox 1169 1429 1204 1492; x_wconf 77' lang='grc' dir='ltr'><strong>ἐκ</strong></span> <span class='ocrx_word' id='word_1_96' title='bbox 1234 1421 1347 1490; x_wconf 89' lang='grc' dir='ltr'><strong><em>ταύτον</em></strong></span> 
     </span>
     <span class='ocr_line' id='line_1_13' title="bbox 247 1524 1350 1623; baseline -0.012 -22"><span class='ocrx_word' id='word_1_97' title='bbox 247 1538 394 1612; x_wconf 87' lang='grc' dir='ltr'><strong><em>εὐποιιάς</em></strong></span> <span class='ocrx_word' id='word_1_98' title='bbox 420 1538 659 1623; x_wconf 75' lang='grc' dir='ltr'><strong>ἀπολειφθῆναι</strong></span> <span class='ocrx_word' id='word_1_99' title='bbox 688 1529 869 1618; x_wconf 87' lang='grc' dir='ltr'><strong><em>άπείρατον.</em></strong></span> <span class='ocrx_word' id='word_1_100' title='bbox 925 1527 1032 1619; x_wconf 77' lang='grc' dir='ltr'><strong><em>ἐπήνει</em></strong></span> <span class='ocrx_word' id='word_1_101' title='bbox 1054 1528 1113 1614; x_wconf 78' lang='grc' dir='ltr'><strong>γάρ</strong></span> <span class='ocrx_word' id='word_1_102' title='bbox 1139 1529 1193 1593; x_wconf 84' lang='grc' dir='ltr'><strong>καί</strong></span> <span class='ocrx_word' id='word_1_103' title='bbox 1219 1524 1275 1593; x_wconf 87' lang='grc' dir='ltr'><strong><em>τάν</em></strong></span> <span class='ocrx_word' id='word_1_104' title='bbox 1297 1547 1350 1593; x_wconf 88' lang='grc' dir='ltr'><strong>το-</strong></span> 
     </span>
     <span class='ocr_line' id='line_1_14' title="bbox 248 1630 1348 1723; baseline -0.01 -22"><span class='ocrx_word' id='word_1_105' title='bbox 248 1635 340 1723; x_wconf 84' lang='grc' dir='ltr'><strong><em>ξότην</em></strong></span> <span class='ocrx_word' id='word_1_106' title='bbox 363 1635 405 1714; x_wconf 83' lang='grc' dir='ltr'><strong>ώς</strong></span> <span class='ocrx_word' id='word_1_107' title='bbox 434 1636 594 1719; x_wconf 77' lang='grc' dir='ltr'><strong><em>εὐστόχως</em></strong></span> <span class='ocrx_word' id='word_1_108' title='bbox 615 1637 775 1717; x_wconf 81' lang='grc' dir='ltr'><strong><em>βάλλοντα</em></strong></span> <span class='ocrx_word' id='word_1_109' title='bbox 800 1633 854 1699; x_wconf 86' lang='grc' dir='ltr'><strong>καί</strong></span> <span class='ocrx_word' id='word_1_110' title='bbox 878 1630 912 1699; x_wconf 88' lang='grc' dir='ltr'><strong>τδ</strong></span> <span class='ocrx_word' id='word_1_111' title='bbox 941 1638 1034 1717; x_wconf 82' lang='grc' dir='ltr'><strong><em>βέλος</em></strong></span> <span class='ocrx_word' id='word_1_112' title='bbox 1055 1632 1109 1696; x_wconf 80' lang='grc' dir='ltr'><strong>ἐπί</strong></span> <span class='ocrx_word' id='word_1_113' title='bbox 1132 1630 1252 1693; x_wconf 81' lang='grc' dir='ltr'><strong><em>σκοποῦ</em></strong></span> <span class='ocrx_word' id='word_1_114' title='bbox 1272 1651 1348 1692; x_wconf 87' lang='grc' dir='ltr'><strong><em>σνν-</em></strong></span> 
     </span>
     <span class='ocr_line' id='line_1_15' title="bbox 248 1731 1350 1821; baseline -0.009 -18"><span class='ocrx_word' id='word_1_115' title='bbox 248 1738 437 1821; x_wconf 79' lang='grc' dir='ltr'><strong><em>τιθέμενον,</em></strong></span> <span class='ocrx_word' id='word_1_116' title='bbox 468 1737 523 1802; x_wconf 90' lang='grc' dir='ltr'><strong>καί</strong></span> <span class='ocrx_word' id='word_1_117' title='bbox 549 1736 603 1802; x_wconf 89' lang='grc' dir='ltr'><strong><em>τδν</em></strong></span> <span class='ocrx_word' id='word_1_118' title='bbox 625 1738 772 1820; x_wconf 76' lang='grc' dir='ltr'><strong><em>λογχίτην</em></strong></span> <span class='ocrx_word' id='word_1_119' title='bbox 800 1735 843 1810; x_wconf 81' lang='grc' dir='ltr'><strong>ω”ς</strong></span> <span class='ocrx_word' id='word_1_120' title='bbox 871 1733 1143 1821; x_wconf 85' lang='grc' dir='ltr'><strong><em>άκραιφνέστατον</em></strong></span> <span class='ocrx_word' id='word_1_121' title='bbox 1165 1731 1350 1812; x_wconf 86' lang='grc' dir='ltr'><strong><em>διαδορατί-</em></strong></span> 
     </span>
     <span class='ocr_line' id='line_1_16' title="bbox 250 1829 1454 1923; baseline -0.004 -21"><span class='ocrx_word' id='word_1_122' title='bbox 250 1841 342 1918; x_wconf 86' lang='grc' dir='ltr'><strong><em>ζοντα</em></strong></span> <span class='ocrx_word' id='word_1_123' title='bbox 364 1839 428 1904; x_wconf 83' lang='grc' dir='ltr'><strong><em>’καί</em></strong></span> <span class='ocrx_word' id='word_1_124' title='bbox 458 1839 515 1922; x_wconf 84' lang='grc' dir='ltr'><strong><em>τήν</em></strong></span> <span class='ocrx_word' id='word_1_125' title='bbox 538 1839 652 1923; x_wconf 84' lang='grc' dir='ltr'><strong><em>λύγχην</em></strong></span> <span class='ocrx_word' id='word_1_126' title='bbox 677 1838 864 1919; x_wconf 79' lang='grc' dir='ltr'><strong><em>εὐθνβδλως</em></strong></span> <span class='ocrx_word' id='word_1_127' title='bbox 894 1837 1186 1920; x_wconf 81' lang='grc' dir='ltr'><strong><em>ἐπισαστρὲφοντα,</em></strong></span> <span class='ocrx_word' id='word_1_128' title='bbox 1220 1835 1276 1896; x_wconf 89' lang='grc' dir='ltr'><strong>καί</strong></span> <span class='ocrx_word' id='word_1_129' title='bbox 1295 1829 1387 1897; x_wconf 87' lang='grc' dir='ltr'><strong><em>τδν15</em></strong></span> <span class='ocrx_word' id='word_1_130' title='bbox 1453 1857 1454 1880; x_wconf 62' lang='grc' dir='ltr'><strong><em>ι</em></strong></span> 
     </span>
     <span class='ocr_line' id='line_1_17' title="bbox 247 1907 1455 2023; baseline -0.007 -21"><span class='ocrx_word' id='word_1_131' title='bbox 247 1933 380 2023; x_wconf 75' lang='grc' dir='ltr'><strong><em>ἱππότην</em></strong></span> <span class='ocrx_word' id='word_1_132' title='bbox 411 1937 453 2015; x_wconf 78' lang='grc' dir='ltr'><strong>ὥς</strong></span> <span class='ocrx_word' id='word_1_133' title='bbox 485 1948 549 2015; x_wconf 82' lang='grc' dir='ltr'><strong><em>τοῖς</em></strong></span> <span class='ocrx_word' id='word_1_134' title='bbox 570 1935 681 2014; x_wconf 79' lang='grc' dir='ltr'><strong><em>νώτοις</em></strong></span> <span class='ocrx_word' id='word_1_135' title='bbox 701 1941 761 2002; x_wconf 88' lang='grc' dir='ltr'><strong><em>τού</em></strong></span> <span class='ocrx_word' id='word_1_136' title='bbox 783 1937 881 2002; x_wconf 77' lang='grc' dir='ltr'><strong><em>ἵππον</em></strong></span> <span class='ocrx_word' id='word_1_137' title='bbox 908 1937 1087 2021; x_wconf 87' lang='grc' dir='ltr'><strong><em>αἰρεμαίως</em></strong></span> <span class='ocrx_word' id='word_1_138' title='bbox 1119 1933 1350 2017; x_wconf 73' lang='grc' dir='ltr'><strong><em>ἐπικαθήμενον</em></strong></span> <span class='ocrx_word' id='word_1_139' title='bbox 1442 1907 1455 1994; x_wconf 67' lang='grc' dir='ltr'><strong><em>ί</em></strong></span> 
     </span>
     <span class='ocr_line' id='line_1_18' title="bbox 248 2025 1456 2128; baseline -0.003 -24"><span class='ocrx_word' id='word_1_140' title='bbox 248 2041 282 2104; x_wconf 76' lang='grc' dir='ltr'><strong><em>ἓν</em></strong></span> <span class='ocrx_word' id='word_1_141' title='bbox 302 2043 345 2128; x_wconf 72' lang='grc' dir='ltr'><strong><em>τιή</em></strong></span> <span class='ocrx_word' id='word_1_142' title='bbox 366 2044 453 2123; x_wconf 75' lang='grc' dir='ltr'><strong><em>δεῖν,</em></strong></span> <span class='ocrx_word' id='word_1_143' title='bbox 475 2040 530 2104; x_wconf 89' lang='grc' dir='ltr'><strong>καί</strong></span> <span class='ocrx_word' id='word_1_144' title='bbox 549 2039 604 2105; x_wconf 86' lang='grc' dir='ltr'><strong><em>τὸν</em></strong></span> <span class='ocrx_word' id='word_1_145' title='bbox 625 2038 754 2123; x_wconf 79' lang='grc' dir='ltr'><strong><em>ὁπλίτην</em></strong></span> <span class='ocrx_word' id='word_1_146' title='bbox 785 2037 980 2122; x_wconf 74' lang='grc' dir='ltr'><strong><em>στρατιώτην</em></strong></span> <span class='ocrx_word' id='word_1_147' title='bbox 1007 2038 1040 2101; x_wconf 76' lang='lat' dir='ltr'><strong>iv</strong></span> <span class='ocrx_word' id='word_1_148' title='bbox 1070 2029 1187 2115; x_wconf 81' lang='grc' dir='ltr'><strong><em>άπασι,</em></strong></span> <span class='ocrx_word' id='word_1_149' title='bbox 1221 2035 1276 2098; x_wconf 88' lang='grc' dir='ltr'><strong>καί</strong></span> <span class='ocrx_word' id='word_1_150' title='bbox 1298 2033 1351 2100; x_wconf 86' lang='grc' dir='ltr'><strong>ιδν</strong></span> <span class='ocrx_word' id='word_1_151' title='bbox 1455 2025 1456 2100; x_wconf 72' lang='lat' dir='ltr'><strong>l</strong></span> 
     </span>
     <span class='ocr_line' id='line_1_19' title="bbox 247 2137 1457 2226; baseline 0.001 -23"><span class='ocrx_word' id='word_1_152' title='bbox 247 2138 345 2224; x_wconf 84' lang='grc' dir='ltr'><strong><em>ψιλδν</em></strong></span> <span class='ocrx_word' id='word_1_153' title='bbox 375 2145 430 2206; x_wconf 88' lang='grc' dir='ltr'><strong>καί</strong></span> <span class='ocrx_word' id='word_1_154' title='bbox 451 2143 615 2226; x_wconf 79' lang='grc' dir='ltr'><strong><em>ἀπέριττον</em></strong></span> <span class='ocrx_word' id='word_1_155' title='bbox 644 2138 685 2216; x_wconf 83' lang='grc' dir='ltr'><strong>ώς</strong></span> <span class='ocrx_word' id='word_1_156' title='bbox 707 2142 877 2222; x_wconf 80' lang='grc' dir='ltr'><strong><em>εὐτολμίας</em></strong></span> <span class='ocrx_word' id='word_1_157' title='bbox 909 2139 1090 2223; x_wconf 85' lang='grc' dir='ltr'><strong><em>μαρτυρίαν</em></strong></span> <span class='ocrx_word' id='word_1_158' title='bbox 1111 2137 1274 2222; x_wconf 77' lang='grc' dir='ltr'><strong><em>εἰσάγοντα</em></strong></span> <span class='ocrx_word' id='word_1_159' title='bbox 1298 2139 1351 2200; x_wconf 87' lang='grc' dir='ltr'><strong>καί</strong></span> <span class='ocrx_word' id='word_1_160' title='bbox 1456 2144 1457 2204; x_wconf 85' lang='lat' dir='ltr'><strong>l</strong></span> 
     </span>
     <span class='ocr_line' id='line_1_20' title="bbox 249 2234 1458 2332; baseline -0.002 -29"><span class='ocrx_word' id='word_1_161' title='bbox 249 2242 288 2329; x_wconf 79' lang='grc' dir='ltr'><strong>τή</strong></span> <span class='ocrx_word' id='word_1_162' title='bbox 310 2242 412 2320; x_wconf 83' lang='grc' dir='ltr'><strong><em>διώξει</em></strong></span> <span class='ocrx_word' id='word_1_163' title='bbox 436 2239 471 2306; x_wconf 83' lang='grc' dir='ltr'><strong>τά</strong></span> <span class='ocrx_word' id='word_1_164' title='bbox 490 2239 623 2327; x_wconf 75' lang='grc' dir='ltr'><strong><em>θήραμα</em></strong></span> <span class='ocrx_word' id='word_1_165' title='bbox 645 2238 1008 2328; x_wconf 83' lang='grc' dir='ltr'><strong><em>προκαταλαμβάνοντα,</em></strong></span> <span class='ocrx_word' id='word_1_166' title='bbox 1030 2242 1085 2304; x_wconf 89' lang='grc' dir='ltr'><strong>καί</strong></span> <span class='ocrx_word' id='word_1_167' title='bbox 1105 2236 1162 2304; x_wconf 82' lang='grc' dir='ltr'><strong><em>τὸν</em></strong></span> <span class='ocrx_word' id='word_1_168' title='bbox 1187 2234 1287 2324; x_wconf 81' lang='grc' dir='ltr'><strong><em>σοφὸν</em></strong></span> <span class='ocrx_word' id='word_1_169' title='bbox 1308 2235 1350 2312; x_wconf 73' lang='grc' dir='ltr'><strong>ὥς</strong></span> <span class='ocrx_word' id='word_1_170' title='bbox 1457 2262 1458 2332; x_wconf 61' lang='grc' dir='ltr'><strong><em>χ</em></strong></span> 
     </span>
     <span class='ocr_line' id='line_1_21' title="bbox 249 2322 1459 2435; baseline 0 -30"><span class='ocrx_word' id='word_1_171' title='bbox 249 2347 452 2430; x_wconf 79' lang='grc' dir='ltr'><strong><em>μεμνημένον</em></strong></span> <span class='ocrx_word' id='word_1_172' title='bbox 474 2340 514 2406; x_wconf 88' lang='grc' dir='ltr'><strong>τά</strong></span> <span class='ocrx_word' id='word_1_173' title='bbox 548 2322 750 2426; x_wconf 87' lang='grc' dir='ltr'><strong>κρείττονα.Ι</strong></span> <span class='ocrx_word' id='word_1_174' title='bbox 782 2344 869 2427; x_wconf 80' lang='grc' dir='ltr'><strong><em>ήλίει</em></strong></span> <span class='ocrx_word' id='word_1_175' title='bbox 892 2343 927 2408; x_wconf 79' lang='grc' dir='ltr'><strong>δὲ</strong></span> <span class='ocrx_word' id='word_1_176' title='bbox 957 2337 1131 2404; x_wconf 86' lang='grc' dir='ltr'><strong><em>καί·αὐτδν</em></strong></span> <span class='ocrx_word' id='word_1_177' title='bbox 1152 2336 1209 2405; x_wconf 91' lang='grc' dir='ltr'><strong><em>τδν</em></strong></span> <span class='ocrx_word' id='word_1_178' title='bbox 1229 2332 1389 2427; x_wconf 67' lang='grc' dir='ltr'><strong><em>άσοφονλδ</em></strong></span> <span class='ocrx_word' id='word_1_179' title='bbox 1458 2380 1459 2435; x_wconf 54' lang='lat' dir='ltr'><strong>p</strong></span> 
     </span>
     <span class='ocr_line' id='line_1_22' title="bbox 113 2436 1352 2530; baseline -0.009 -16"><span class='ocrx_word' id='word_1_180' title='bbox 113 2436 271 2530; x_wconf 59' lang='lat' dir='ltr'><strong>nasove}</strong></span> <span class='ocrx_word' id='word_1_181' title='bbox 292 2444 350 2509; x_wconf 87' lang='grc' dir='ltr'><strong>καί</strong></span> <span class='ocrx_word' id='word_1_182' title='bbox 370 2437 499 2530; x_wconf 77' lang='grc' dir='ltr'><strong><em>ἄφρονα</em></strong></span> <span class='ocrx_word' id='word_1_183' title='bbox 521 2444 564 2521; x_wconf 85' lang='grc' dir='ltr'><strong>ώς</strong></span> <span class='ocrx_word' id='word_1_184' title='bbox 585 2443 743 2511; x_wconf 82' lang='grc' dir='ltr'><strong><em>ἔκπτωτον</em></strong></span> <span class='ocrx_word' id='word_1_185' title='bbox 764 2444 823 2509; x_wconf 81' lang='grc' dir='ltr'><strong>τού</strong></span> <span class='ocrx_word' id='word_1_186' title='bbox 842 2446 1011 2526; x_wconf 84' lang='grc' dir='ltr'><strong><em>βελτίονος.</em></strong></span> <span class='ocrx_word' id='word_1_187' title='bbox 1028 2442 1036 2452; x_wconf 68' lang='grc'><strong>“</strong></span> <span class='ocrx_word' id='word_1_188' title='bbox 1056 2441 1210 2530; x_wconf 81' lang='grc' dir='ltr'><strong><em>φρόνιμον</em></strong></span> <span class='ocrx_word' id='word_1_189' title='bbox 1230 2441 1352 2527; x_wconf 75' lang='grc' dir='ltr'><strong><em>ὑπερή-</em></strong></span> 
     </span>
     <span class='ocr_line' id='line_1_23' title="bbox 250 2537 1352 2631; baseline 0.001 -23"><span class='ocrx_word' id='word_1_190' title='bbox 250 2568 305 2630; x_wconf 86' lang='grc' dir='ltr'><strong>ρεν</strong></span> <span class='ocrx_word' id='word_1_191' title='bbox 328 2539 370 2621; x_wconf 83' lang='grc' dir='ltr'><strong>ώς</strong></span> <span class='ocrx_word' id='word_1_192' title='bbox 390 2545 561 2628; x_wconf 78' lang='grc' dir='ltr'><strong><em>εὐβουλίας</em></strong></span> <span class='ocrx_word' id='word_1_193' title='bbox 583 2544 798 2629; x_wconf 87' lang='grc' dir='ltr'><strong><em>δοκιμώτατον</em></strong></span> <span class='ocrx_word' id='word_1_194' title='bbox 819 2537 968 2629; x_wconf 59' lang='grc' dir='ltr'><strong><em>ὄργανον,</em></strong></span> <span class='ocrx_word' id='word_1_195' title='bbox 990 2542 1043 2609; x_wconf 88' lang='grc' dir='ltr'><strong><em>τάν</em></strong></span> <span class='ocrx_word' id='word_1_196' title='bbox 1064 2566 1097 2608; x_wconf 87' lang='grc' dir='ltr'><strong>τε</strong></span> <span class='ocrx_word' id='word_1_197' title='bbox 1122 2540 1352 2631; x_wconf 81' lang='grc' dir='ltr'><strong><em>μειεωρολίηον</em></strong></span> 
     </span>
    </p>
   </div>
   <div class='ocr_carea' id='block_1_3' title="bbox 322 2735 1354 2883">
    <p class='ocr_par' dir='ltr' id='par_1_5' title="bbox 322 2735 1354 2883">
     <span class='ocr_line' id='line_1_24' title="bbox 322 2735 1354 2866; baseline 0.001 -76"><span class='ocrx_word' id='word_1_198' title='bbox 322 2737 349 2790; x_wconf 83' lang='grc'><strong>7.</strong></span> <span class='ocrx_word' id='word_1_199' title='bbox 367 2740 605 2866; x_wconf 63' lang='grc' dir='ltr'><strong><em>πρὸιαίρερδμενοι</em></strong></span> <span class='ocrx_word' id='word_1_200' title='bbox 623 2738 654 2795; x_wconf 78' lang='grc' dir='ltr'><strong>ὓ.</strong></span> <span class='ocrx_word' id='word_1_201' title='bbox 747 2739 791 2794; x_wconf 80' lang='lat' dir='ltr'><strong>ti.</strong></span> <span class='ocrx_word' id='word_1_202' title='bbox 809 2741 841 2799; x_wconf 77' lang='grc' dir='ltr'><strong><em>ἐν</em></strong></span> <span class='ocrx_word' id='word_1_203' title='bbox 861 2736 982 2800; x_wconf 69' lang='lat' dir='ltr'><strong>buluir?</strong></span> <span class='ocrx_word' id='word_1_204' title='bbox 1063 2738 1107 2793; x_wconf 84' lang='lat'><strong>21.</strong></span> <span class='ocrx_word' id='word_1_205' title='bbox 1125 2735 1175 2797; x_wconf 84' lang='grc' dir='ltr'><strong><em>τὸν</em></strong></span> <span class='ocrx_word' id='word_1_206' title='bbox 1195 2737 1227 2795; x_wconf 73' lang='grc' dir='ltr'><strong>δὲ</strong></span> <span class='ocrx_word' id='word_1_207' title='bbox 1244 2736 1354 2813; x_wconf 49' lang='lat' dir='ltr'><strong>copisa-1</strong></span> 
     </span>
     <span class='ocr_line' id='line_1_25' title="bbox 322 2826 430 2883; baseline -0.028 -18"><span class='ocrx_word' id='word_1_208' title='bbox 322 2826 381 2883; x_wconf 93' lang='grc' dir='ltr'><strong><em>μον</em></strong></span> <span class='ocrx_word' id='word_1_209' title='bbox 424 2849 430 2862; x_wconf 95' lang='grc'><strong>.</strong></span> 
     </span>
    </p>
   </div>
   <div class='ocr_carea' id='block_1_4' title="bbox 248 2993 1351 3279">
    <p class='ocr_par' dir='ltr' id='par_1_6' title="bbox 248 2993 1351 3279">
     <span class='ocr_line' id='line_1_26' title="bbox 248 2993 1351 3063; baseline 0.002 -17"><span class='ocrx_word' id='word_1_210' title='bbox 248 2993 439 3046; x_wconf 86' lang='lat' dir='ltr'><strong>immutabilem</strong></span> <span class='ocrx_word' id='word_1_211' title='bbox 467 3001 495 3045; x_wconf 87' lang='lat' dir='ltr'><strong>et</strong></span> <span class='ocrx_word' id='word_1_212' title='bbox 517 2993 676 3047; x_wconf 90' lang='lat' dir='ltr'><strong>inturbatam</strong></span> <span class='ocrx_word' id='word_1_213' title='bbox 701 2994 794 3047; x_wconf 86' lang='lat' dir='ltr'><strong>burum</strong></span> <span class='ocrx_word' id='word_1_214' title='bbox 817 2995 1016 3063; x_wconf 86' lang='lat' dir='ltr'><strong>possessionem</strong></span> <span class='ocrx_word' id='word_1_215' title='bbox 1042 2995 1077 3047; x_wconf 85' lang='lat' dir='ltr'><strong>iis</strong></span> <span class='ocrx_word' id='word_1_216' title='bbox 1108 2994 1247 3047; x_wconf 81' lang='lat' dir='ltr'><strong>confirmat</strong></span> <span class='ocrx_word' id='word_1_217' title='bbox 1272 3004 1299 3047; x_wconf 86' lang='lat' dir='ltr'><strong>et</strong></span> <span class='ocrx_word' id='word_1_218' title='bbox 1322 2996 1351 3049; x_wconf 86' lang='lat' dir='ltr'><strong>lit</strong></span> 
     </span>
     <span class='ocr_line' id='line_1_27' title="bbox 250 3065 1349 3135; baseline 0.001 -18"><span class='ocrx_word' id='word_1_219' title='bbox 250 3066 372 3117; x_wconf 90' lang='lat' dir='ltr'><strong>omnibus</strong></span> <span class='ocrx_word' id='word_1_220' title='bbox 387 3065 497 3119; x_wconf 80' lang='lat' dir='ltr'><strong>adiutor,</strong></span> <span class='ocrx_word' id='word_1_221' title='bbox 507 3074 535 3117; x_wconf 88' lang='lat' dir='ltr'><strong>et</strong></span> <span class='ocrx_word' id='word_1_222' title='bbox 552 3067 652 3130; x_wconf 87' lang='lat' dir='ltr'><strong>socius,</strong></span> <span class='ocrx_word' id='word_1_223' title='bbox 669 3082 765 3135; x_wconf 89' lang='lat' dir='ltr'><strong>neque.</strong></span> <span class='ocrx_word' id='word_1_224' title='bbox 778 3065 863 3118; x_wconf 92' lang='lat' dir='ltr'><strong>solum</strong></span> <span class='ocrx_word' id='word_1_225' title='bbox 877 3083 925 3118; x_wconf 87' lang='lat' dir='ltr'><strong>rex</strong></span> <span class='ocrx_word' id='word_1_226' title='bbox 945 3066 1082 3119; x_wconf 86' lang='lat' dir='ltr'><strong>sedetiam</strong></span> <span class='ocrx_word' id='word_1_227' title='bbox 1097 3073 1173 3134; x_wconf 88' lang='lat' dir='ltr'><strong>pater</strong></span> <span class='ocrx_word' id='word_1_228' title='bbox 1192 3065 1286 3120; x_wconf 88' lang='lat' dir='ltr'><strong>bonus.</strong></span> <span class='ocrx_word' id='word_1_229' title='bbox 1307 3067 1349 3118; x_wconf 90' lang='lat' dir='ltr'><strong>in·</strong></span> 
     </span>
     <span class='ocr_line' id='line_1_28' title="bbox 249 3137 1349 3204; baseline 0.001 -14"><span class='ocrx_word' id='word_1_230' title='bbox 249 3137 363 3204; x_wconf 74' lang='lat' dir='ltr'><strong>legabat</strong></span> <span class='ocrx_word' id='word_1_231' title='bbox 381 3138 451 3188; x_wconf 89' lang='lat' dir='ltr'><strong>enim</strong></span> <span class='ocrx_word' id='word_1_232' title='bbox 466 3138 573 3189; x_wconf 91' lang='lat' dir='ltr'><strong>omnino</strong></span> <span class='ocrx_word' id='word_1_233' title='bbox 587 3145 615 3189; x_wconf 90' lang='lat' dir='ltr'><strong>et</strong></span> <span class='ocrx_word' id='word_1_234' title='bbox 628 3153 717 3190; x_wconf 88' lang='lat' dir='ltr'><strong>curam</strong></span> <span class='ocrx_word' id='word_1_235' title='bbox 731 3139 870 3191; x_wconf 83' lang='lat' dir='ltr'><strong>maximam</strong></span> <span class='ocrx_word' id='word_1_236' title='bbox 886 3137 1050 3202; x_wconf 87' lang='lat' dir='ltr'><strong>instituebat,</strong></span> <span class='ocrx_word' id='word_1_237' title='bbox 1069 3145 1099 3190; x_wconf 90' lang='lat' dir='ltr'><strong>ut</strong></span> <span class='ocrx_word' id='word_1_238' title='bbox 1117 3152 1222 3189; x_wconf 87' lang='lat' dir='ltr'><strong>omnem</strong></span> <span class='ocrx_word' id='word_1_239' title='bbox 1240 3138 1349 3191; x_wconf 86' lang='lat' dir='ltr'><strong>tolleret</strong></span> 
     </span>
     <span class='ocr_line' id='line_1_29' title="bbox 249 3208 1061 3279; baseline -0.001 -18"><span class='ocrx_word' id='word_1_240' title='bbox 249 3225 266 3261; x_wconf 85' lang='grc' dir='ltr'><strong><em>ο</em></strong></span> <span class='ocrx_word' id='word_1_241' title='bbox 284 3216 430 3278; x_wconf 88' lang='lat' dir='ltr'><strong>conspectu</strong></span> <span class='ocrx_word' id='word_1_242' title='bbox 448 3216 537 3261; x_wconf 89' lang='lat' dir='ltr'><strong>terrae</strong></span> <span class='ocrx_word' id='word_1_243' title='bbox 549 3210 678 3261; x_wconf 87' lang='lat' dir='ltr'><strong>iniuriam</strong></span> <span class='ocrx_word' id='word_1_244' title='bbox 698 3218 725 3261; x_wconf 88' lang='lat' dir='ltr'><strong>et</strong></span> <span class='ocrx_word' id='word_1_245' title='bbox 742 3209 834 3278; x_wconf 83' lang='lat' dir='ltr'><strong>legum</strong></span> <span class='ocrx_word' id='word_1_246' title='bbox 851 3208 1061 3279; x_wconf 83' lang='lat' dir='ltr'><strong>neglectionem.</strong></span> 
     </span>
    </p>
   </div>
   <div class='ocr_carea' id='block_1_5' title="bbox 152 3304 1350 4235">
    <p class='ocr_par' dir='ltr' id='par_1_7' title="bbox 347 3304 1348 3377">
     <span class='ocr_line' id='line_1_30' title="bbox 347 3304 1348 3377; baseline 0.006 -22"><span class='ocrx_word' id='word_1_247' title='bbox 347 3304 421 3356; x_wconf 86' lang='lat' dir='ltr'><strong>Finis</strong></span> <span class='ocrx_word' id='word_1_248' title='bbox 438 3313 525 3356; x_wconf 89' lang='lat' dir='ltr'><strong>autem</strong></span> <span class='ocrx_word' id='word_1_249' title='bbox 543 3308 678 3373; x_wconf 85' lang='lat' dir='ltr'><strong>regiomm</strong></span> <span class='ocrx_word' id='word_1_250' title='bbox 697 3307 890 3359; x_wconf 87' lang='lat' dir='ltr'><strong>beneficiorum</strong></span> <span class='ocrx_word' id='word_1_251' title='bbox 910 3313 937 3358; x_wconf 91' lang='lat' dir='ltr'><strong>et</strong></span> <span class='ocrx_word' id='word_1_252' title='bbox 960 3305 1132 3376; x_wconf 77' lang='lat' dir='ltr'><strong>largitionum</strong></span> <span class='ocrx_word' id='word_1_253' title='bbox 1156 3322 1246 3377; x_wconf 86' lang='lat' dir='ltr'><strong>neque</strong></span> <span class='ocrx_word' id='word_1_254' title='bbox 1265 3308 1348 3361; x_wconf 83' lang='lat' dir='ltr'><strong>satie-</strong></span> 
     </span>
    </p>

    <p class='ocr_par' dir='ltr' id='par_1_8' title="bbox 152 3377 1350 4235">
     <span class='ocr_line' id='line_1_31' title="bbox 242 3377 1347 3448; baseline 0.003 -21"><span class='ocrx_word' id='word_1_255' title='bbox 242 3384 287 3428; x_wconf 86' lang='lat' dir='ltr'><strong>·tas</strong></span> <span class='ocrx_word' id='word_1_256' title='bbox 308 3378 415 3428; x_wconf 90' lang='lat' dir='ltr'><strong>omnino</strong></span> <span class='ocrx_word' id='word_1_257' title='bbox 440 3385 511 3440; x_wconf 87' lang='lat' dir='ltr'><strong>erat,</strong></span> <span class='ocrx_word' id='word_1_258' title='bbox 536 3392 626 3447; x_wconf 90' lang='lat' dir='ltr'><strong>neque</strong></span> <span class='ocrx_word' id='word_1_259' title='bbox 645 3377 734 3429; x_wconf 81' lang='lat' dir='ltr'><strong>dicere</strong></span> <span class='ocrx_word' id='word_1_260' title='bbox 753 3379 778 3428; x_wconf 87' lang='lat' dir='ltr'><strong>ei</strong></span> <span class='ocrx_word' id='word_1_261' title='bbox 796 3386 928 3446; x_wconf 88' lang='lat' dir='ltr'><strong>promtum</strong></span> <span class='ocrx_word' id='word_1_262' title='bbox 953 3387 1025 3443; x_wconf 89' lang='lat' dir='ltr'><strong>erat,</strong></span> <span class='ocrx_word' id='word_1_263' title='bbox 1055 3379 1125 3448; x_wconf 89' lang='lat' dir='ltr'><strong>quod</strong></span> <span class='ocrx_word' id='word_1_264' title='bbox 1144 3378 1177 3431; x_wconf 88' lang='lat' dir='ltr'><strong>ab</strong></span> <span class='ocrx_word' id='word_1_265' title='bbox 1194 3379 1347 3433; x_wconf 77' lang='lat' dir='ltr'><strong>Alexandro</strong></span> 
     </span>
     <span class='ocr_line' id='line_1_32' title="bbox 247 3447 1348 3519; baseline 0.003 -18"><span class='ocrx_word' id='word_1_266' title='bbox 247 3447 393 3501; x_wconf 87' lang='lat' dir='ltr'><strong>llacedone</strong></span> <span class='ocrx_word' id='word_1_267' title='bbox 411 3463 598 3517; x_wconf 88' lang='lat' dir='ltr'><strong>nonnunquam</strong></span> <span class='ocrx_word' id='word_1_268' title='bbox 617 3448 819 3516; x_wconf 79' lang='lat' dir='ltr'><strong>proferebatur,</strong></span> <span class='ocrx_word' id='word_1_269' title='bbox 841 3450 945 3518; x_wconf 85' lang='lat' dir='ltr'><strong>quando</strong></span> <span class='ocrx_word' id='word_1_270' title='bbox 968 3450 1071 3502; x_wconf 88' lang='lat' dir='ltr'><strong>nullum</strong></span> <span class='ocrx_word' id='word_1_271' title='bbox 1090 3451 1249 3504; x_wconf 83' lang='lat' dir='ltr'><strong>beneficium</strong></span> <span class='ocrx_word' id='word_1_272' title='bbox 1268 3468 1348 3519; x_wconf 85' lang='lat' dir='ltr'><strong>pere-</strong></span> 
     </span>
     <span class='ocr_line' id='line_1_33' title="bbox 248 3520 1349 3592; baseline 0.004 -23"><span class='ocrx_word' id='word_1_273' title='bbox 248 3526 339 3587; x_wconf 80' lang='lat' dir='ltr'><strong>gerat:</strong></span> <span class='ocrx_word' id='word_1_274' title='bbox 362 3520 459 3585; x_wconf 82' lang='lat' dir='ltr'><strong>„bodie</strong></span> <span class='ocrx_word' id='word_1_275' title='bbox 483 3534 538 3570; x_wconf 89' lang='lat' dir='ltr'><strong>non</strong></span> <span class='ocrx_word' id='word_1_276' title='bbox 556 3520 667 3588; x_wconf 78' lang='lat' dir='ltr'><strong>regnavi</strong></span> <span class='ocrx_word' id='word_1_277' title='bbox 680 3528 704 3572; x_wconf 84' lang='lat'><strong>:“</strong></span> <span class='ocrx_word' id='word_1_278' title='bbox 723 3522 807 3573; x_wconf 86' lang='lat' dir='ltr'><strong>omnis</strong></span> <span class='ocrx_word' id='word_1_279' title='bbox 829 3522 898 3575; x_wconf 86' lang='lat' dir='ltr'><strong>enim</strong></span> <span class='ocrx_word' id='word_1_280' title='bbox 917 3520 974 3575; x_wconf 86' lang='lat' dir='ltr'><strong>dies</strong></span> <span class='ocrx_word' id='word_1_281' title='bbox 1003 3525 1087 3577; x_wconf 88' lang='lat' dir='ltr'><strong>omnis</strong></span> <span class='ocrx_word' id='word_1_282' title='bbox 1106 3524 1168 3576; x_wconf 91' lang='lat' dir='ltr'><strong>doni</strong></span> <span class='ocrx_word' id='word_1_283' title='bbox 1187 3524 1304 3592; x_wconf 85' lang='lat' dir='ltr'><strong>perlecti</strong></span> <span class='ocrx_word' id='word_1_284' title='bbox 1323 3531 1349 3574; x_wconf 87' lang='lat' dir='ltr'><strong>et</strong></span> 
     </span>
     <span class='ocr_line' id='line_1_34' title="bbox 248 3589 1348 3663; baseline 0 -22"><span class='ocrx_word' id='word_1_285' title='bbox 248 3589 401 3659; x_wconf 72' lang='lat' dir='ltr'><strong>largitionis</strong></span> <span class='ocrx_word' id='word_1_286' title='bbox 418 3590 552 3663; x_wconf 80' lang='lat' dir='ltr'><strong>benignae</strong></span> <span class='ocrx_word' id='word_1_287' title='bbox 577 3592 648 3644; x_wconf 90' lang='lat' dir='ltr'><strong>bunc</strong></span> <span class='ocrx_word' id='word_1_288' title='bbox 673 3591 754 3644; x_wconf 85' lang='lat' dir='ltr'><strong>babet</strong></span> <span class='ocrx_word' id='word_1_289' title='bbox 775 3592 931 3661; x_wconf 87' lang='lat' dir='ltr'><strong>largitorem</strong></span> <span class='ocrx_word' id='word_1_290' title='bbox 957 3600 983 3645; x_wconf 91' lang='lat' dir='ltr'><strong>et</strong></span> <span class='ocrx_word' id='word_1_291' title='bbox 1007 3594 1227 3663; x_wconf 84' lang='lat' dir='ltr'><strong>benignissimum</strong></span> <span class='ocrx_word' id='word_1_292' title='bbox 1245 3596 1348 3663; x_wconf 87' lang='lat' dir='ltr'><strong>princi.</strong></span> 
     </span>
     <span class='ocr_line' id='line_1_35' title="bbox 247 3663 1348 3730; baseline 0.006 -19"><span class='ocrx_word' id='word_1_293' title='bbox 247 3676 325 3728; x_wconf 82' lang='lat' dir='ltr'><strong>pem3</strong></span> <span class='ocrx_word' id='word_1_294' title='bbox 345 3669 424 3729; x_wconf 86' lang='lat' dir='ltr'><strong>atque</strong></span> <span class='ocrx_word' id='word_1_295' title='bbox 444 3663 514 3712; x_wconf 88' lang='lat' dir='ltr'><strong>omni</strong></span> <span class='ocrx_word' id='word_1_296' title='bbox 535 3664 635 3729; x_wconf 91' lang='lat' dir='ltr'><strong>impetu</strong></span> <span class='ocrx_word' id='word_1_297' title='bbox 656 3678 688 3714; x_wconf 93' lang='lat' dir='ltr'><strong>eo</strong></span> <span class='ocrx_word' id='word_1_298' title='bbox 707 3663 879 3730; x_wconf 84' lang='lat' dir='ltr'><strong>procedebat,</strong></span> <span class='ocrx_word' id='word_1_299' title='bbox 899 3672 928 3715; x_wconf 94' lang='lat' dir='ltr'><strong>ut</strong></span> <span class='ocrx_word' id='word_1_300' title='bbox 945 3679 1023 3717; x_wconf 88' lang='lat' dir='ltr'><strong>nemo</strong></span> <span class='ocrx_word' id='word_1_301' title='bbox 1044 3666 1251 3718; x_wconf 80' lang='lat' dir='ltr'><strong>beneficientiae</strong></span> <span class='ocrx_word' id='word_1_302' title='bbox 1271 3667 1348 3718; x_wconf 88' lang='lat' dir='ltr'><strong>huius</strong></span> 
     </span>
     <span class='ocr_line' id='line_1_36' title="bbox 247 3731 1349 3804; baseline 0.007 -22"><span class='ocrx_word' id='word_1_303' title='bbox 247 3731 449 3800; x_wconf 80' lang='lat' dir='ltr'><strong>relinqueretur</strong></span> <span class='ocrx_word' id='word_1_304' title='bbox 469 3748 582 3798; x_wconf 81' lang='lat' dir='ltr'><strong>expers:</strong></span> <span class='ocrx_word' id='word_1_305' title='bbox 604 3733 729 3786; x_wconf 84' lang='lat' dir='ltr'><strong>laudabat</strong></span> <span class='ocrx_word' id='word_1_306' title='bbox 749 3736 819 3785; x_wconf 87' lang='lat' dir='ltr'><strong>enim</strong></span> <span class='ocrx_word' id='word_1_307' title='bbox 838 3743 865 3785; x_wconf 88' lang='lat' dir='ltr'><strong>et</strong></span> <span class='ocrx_word' id='word_1_308' title='bbox 876 3738 1042 3804; x_wconf 77' lang='lat' dir='ltr'><strong>sagittarium</strong></span> <span class='ocrx_word' id='word_1_309' title='bbox 1061 3746 1090 3789; x_wconf 93' lang='lat' dir='ltr'><strong>ut</strong></span> <span class='ocrx_word' id='word_1_310' title='bbox 1108 3739 1226 3790; x_wconf 86' lang='lat' dir='ltr'><strong>scienter</strong></span> <span class='ocrx_word' id='word_1_311' title='bbox 1244 3738 1349 3791; x_wconf 88' lang='lat' dir='ltr'><strong>iacien-</strong></span> 
     </span>
     <span class='ocr_line' id='line_1_37' title="bbox 152 3802 1349 3879; baseline 0.007 -27"><span class='ocrx_word' id='word_1_312' title='bbox 152 3804 157 3808; x_wconf 85' lang='grc'><em>“</em></span> <span class='ocrx_word' id='word_1_313' title='bbox 245 3810 302 3853; x_wconf 83' lang='lat' dir='ltr'><strong>tem</strong></span> <span class='ocrx_word' id='word_1_314' title='bbox 321 3810 348 3852; x_wconf 92' lang='lat' dir='ltr'><strong>et</strong></span> <span class='ocrx_word' id='word_1_315' title='bbox 374 3802 490 3860; x_wconf 82' lang='lat' dir='ltr'><strong>iaculum</strong></span> <span class='ocrx_word' id='word_1_316' title='bbox 515 3805 547 3855; x_wconf 88' lang='lat' dir='ltr'><strong>ad</strong></span> <span class='ocrx_word' id='word_1_317' title='bbox 571 3805 650 3855; x_wconf 90' lang='lat' dir='ltr'><strong>linem</strong></span> <span class='ocrx_word' id='word_1_318' title='bbox 674 3814 895 3873; x_wconf 87' lang='lat' dir='ltr'><strong>componentem,</strong></span> <span class='ocrx_word' id='word_1_319' title='bbox 921 3815 947 3858; x_wconf 82' lang='lat' dir='ltr'><strong>ei</strong></span> <span class='ocrx_word' id='word_1_320' title='bbox 972 3808 1102 3861; x_wconf 89' lang='lat' dir='ltr'><strong>hastatum</strong></span> <span class='ocrx_word' id='word_1_321' title='bbox 1129 3817 1159 3860; x_wconf 86' lang='lat' dir='ltr'><strong>ut</strong></span> <span class='ocrx_word' id='word_1_322' title='bbox 1176 3811 1349 3879; x_wconf 84' lang='lat' dir='ltr'><strong>integerrime</strong></span> 
     </span>
     <span class='ocr_line' id='line_1_38' title="bbox 248 3874 1349 3950; baseline 0.007 -27"><span class='ocrx_word' id='word_1_323' title='bbox 248 3879 394 3925; x_wconf 88' lang='lat' dir='ltr'><strong>certantem</strong></span> <span class='ocrx_word' id='word_1_324' title='bbox 414 3881 440 3925; x_wconf 89' lang='lat' dir='ltr'><strong>et</strong></span> <span class='ocrx_word' id='word_1_325' title='bbox 462 3874 561 3926; x_wconf 78' lang='lat' dir='ltr'><strong>hastam</strong></span> <span class='ocrx_word' id='word_1_326' title='bbox 582 3892 615 3927; x_wconf 89' lang='lat' dir='ltr'><strong>ex</strong></span> <span class='ocrx_word' id='word_1_327' title='bbox 633 3878 746 3929; x_wconf 85' lang='lat' dir='ltr'><strong>adverso</strong></span> <span class='ocrx_word' id='word_1_328' title='bbox 766 3885 932 3943; x_wconf 83' lang='lat' dir='ltr'><strong>vertentem,</strong></span> <span class='ocrx_word' id='word_1_329' title='bbox 958 3888 984 3931; x_wconf 90' lang='lat' dir='ltr'><strong>et</strong></span> <span class='ocrx_word' id='word_1_330' title='bbox 1005 3884 1121 3948; x_wconf 86' lang='lat' dir='ltr'><strong>equitem</strong></span> <span class='ocrx_word' id='word_1_331' title='bbox 1140 3889 1168 3931; x_wconf 92' lang='lat' dir='ltr'><strong>ut</strong></span> <span class='ocrx_word' id='word_1_332' title='bbox 1190 3889 1268 3949; x_wconf 84' lang='lat' dir='ltr'><strong>tergo</strong></span> <span class='ocrx_word' id='word_1_333' title='bbox 1289 3884 1349 3950; x_wconf 89' lang='lat' dir='ltr'><strong>equi</strong></span> 
     </span>
     <span class='ocr_line' id='line_1_39' title="bbox 247 3944 1349 4019; baseline 0.005 -26"><span class='ocrx_word' id='word_1_334' title='bbox 247 3944 382 4011; x_wconf 84' lang='lat' dir='ltr'><strong>intrepide</strong></span> <span class='ocrx_word' id='word_1_335' title='bbox 395 3946 554 3998; x_wconf 83' lang='lat' dir='ltr'><strong>insidentem</strong></span> <span class='ocrx_word' id='word_1_336' title='bbox 567 3951 594 3999; x_wconf 91' lang='lat' dir='ltr'><strong>in</strong></span> <span class='ocrx_word' id='word_1_337' title='bbox 614 3950 754 4017; x_wconf 64' lang='lat' dir='ltr'><strong>currendo,</strong></span> <span class='ocrx_word' id='word_1_338' title='bbox 775 3958 801 4001; x_wconf 90' lang='lat' dir='ltr'><strong>et</strong></span> <span class='ocrx_word' id='word_1_339' title='bbox 815 3952 905 4019; x_wconf 86' lang='lat' dir='ltr'><strong>gravis</strong></span> <span class='ocrx_word' id='word_1_340' title='bbox 926 3959 1072 4003; x_wconf 83' lang='lat' dir='ltr'><strong>armaturae</strong></span> <span class='ocrx_word' id='word_1_341' title='bbox 1084 3952 1194 4004; x_wconf 88' lang='lat' dir='ltr'><strong>militem</strong></span> <span class='ocrx_word' id='word_1_342' title='bbox 1214 3955 1240 4004; x_wconf 90' lang='lat' dir='ltr'><strong>in</strong></span> <span class='ocrx_word' id='word_1_343' title='bbox 1261 3955 1349 4005; x_wconf 86' lang='lat' dir='ltr'><strong>omni.</strong></span> 
     </span>
     <span class='ocr_line' id='line_1_40' title="bbox 247 4014 1349 4089; baseline 0.008 -24"><span class='ocrx_word' id='word_1_344' title='bbox 247 4014 306 4078; x_wconf 91' lang='lat' dir='ltr'><strong>bus,</strong></span> <span class='ocrx_word' id='word_1_345' title='bbox 328 4023 354 4067; x_wconf 93' lang='lat' dir='ltr'><strong>et</strong></span> <span class='ocrx_word' id='word_1_346' title='bbox 371 4017 441 4070; x_wconf 87' lang='lat' dir='ltr'><strong>levis</strong></span> <span class='ocrx_word' id='word_1_347' title='bbox 461 4028 609 4073; x_wconf 88' lang='lat' dir='ltr'><strong>armaturae</strong></span> <span class='ocrx_word' id='word_1_348' title='bbox 628 4021 738 4073; x_wconf 91' lang='lat' dir='ltr'><strong>militem</strong></span> <span class='ocrx_word' id='word_1_349' title='bbox 766 4029 792 4074; x_wconf 89' lang='lat' dir='ltr'><strong>ct</strong></span> <span class='ocrx_word' id='word_1_350' title='bbox 810 4021 958 4089; x_wconf 87' lang='lat' dir='ltr'><strong>simplicem</strong></span> <span class='ocrx_word' id='word_1_351' title='bbox 975 4031 1005 4074; x_wconf 92' lang='lat' dir='ltr'><strong>ut</strong></span> <span class='ocrx_word' id='word_1_352' title='bbox 1023 4023 1150 4076; x_wconf 87' lang='lat' dir='ltr'><strong>audaciae</strong></span> <span class='ocrx_word' id='word_1_353' title='bbox 1169 4026 1349 4076; x_wconf 87' lang='lat' dir='ltr'><strong>testimonium</strong></span> 
     </span>
     <span class='ocr_line' id='line_1_41' title="bbox 248 4085 1350 4163; baseline 0.008 -26"><span class='ocrx_word' id='word_1_354' title='bbox 248 4085 431 4153; x_wconf 76' lang='lat' dir='ltr'><strong>proferentem</strong></span> <span class='ocrx_word' id='word_1_355' title='bbox 451 4099 477 4140; x_wconf 93' lang='lat' dir='ltr'><strong>et</strong></span> <span class='ocrx_word' id='word_1_356' title='bbox 495 4094 684 4156; x_wconf 86' lang='lat' dir='ltr'><strong>persecutione</strong></span> <span class='ocrx_word' id='word_1_357' title='bbox 702 4108 759 4145; x_wconf 83' lang='lat' dir='ltr'><strong>rem</strong></span> <span class='ocrx_word' id='word_1_358' title='bbox 778 4094 887 4161; x_wconf 90' lang='lat' dir='ltr'><strong>petitam</strong></span> <span class='ocrx_word' id='word_1_359' title='bbox 906 4104 1090 4161; x_wconf 88' lang='lat' dir='ltr'><strong>occupantem,</strong></span> <span class='ocrx_word' id='word_1_360' title='bbox 1110 4103 1137 4146; x_wconf 88' lang='lat' dir='ltr'><strong>et</strong></span> <span class='ocrx_word' id='word_1_361' title='bbox 1154 4097 1303 4163; x_wconf 86' lang='lat' dir='ltr'><strong>sapientem</strong></span> <span class='ocrx_word' id='word_1_362' title='bbox 1321 4104 1350 4148; x_wconf 89' lang='lat' dir='ltr'><strong>ut</strong></span> 
     </span>
     <span class='ocr_line' id='line_1_42' title="bbox 247 4156 1349 4235; baseline 0.013 -28"><span class='ocrx_word' id='word_1_363' title='bbox 247 4156 382 4214; x_wconf 86' lang='lat' dir='ltr'><strong>initiatum</strong></span> <span class='ocrx_word' id='word_1_364' title='bbox 400 4161 565 4230; x_wconf 88' lang='lat' dir='ltr'><strong>melioribus,</strong></span> <span class='ocrx_word' id='word_1_365' title='bbox 579 4164 760 4219; x_wconf 85' lang='lat' dir='ltr'><strong>miserabatur</strong></span> <span class='ocrx_word' id='word_1_366' title='bbox 773 4172 861 4218; x_wconf 86' lang='lat' dir='ltr'><strong>autem</strong></span> <span class='ocrx_word' id='word_1_367' title='bbox 875 4173 902 4217; x_wconf 91' lang='lat' dir='ltr'><strong>et</strong></span> <span class='ocrx_word' id='word_1_368' title='bbox 913 4168 1001 4235; x_wconf 87' lang='lat' dir='ltr'><strong>ipsum</strong></span> <span class='ocrx_word' id='word_1_369' title='bbox 1015 4168 1185 4235; x_wconf 82' lang='lat' dir='ltr'><strong>insipientem</strong></span> <span class='ocrx_word' id='word_1_370' title='bbox 1205 4167 1250 4221; x_wconf 85' lang='lat' dir='ltr'><strong>vel</strong></span> <span class='ocrx_word' id='word_1_371' title='bbox 1271 4168 1349 4221; x_wconf 90' lang='lat' dir='ltr'><strong>etiam</strong></span> 
     </span>
    </p>
   </div>
   <div class='ocr_carea' id='block_1_6' title="bbox 0 0 1489 4825">
    <p class='ocr_par' dir='ltr' id='par_1_9' title="bbox 0 0 1489 4825">
     <span class='ocr_line' id='line_1_43' title="bbox 0 0 1489 4825; baseline 0 0"><span class='ocrx_word' id='word_1_372' title='bbox 0 0 1489 4825; x_wconf 95' lang='lat' dir='ltr'><strong> </strong></span> 
     </span>
    </p>
   </div>
  </div>
 </body>
</html>
