2967 4825
558 270 783 413 'naucum
1186 286 1237 377 aa

125 459 294 543 τάραννον,
317 455 537 532 πυκνώσαντες
559 452 617 531 τάς
631 456 769 531 α’σπίδας
791 450 822 518 οἱ
843 453 918 540 περί
936 455 990 520 τὸν
1013 458 1161 535 βασιλέα,
1184 452 1239 519 καί

124 556 186 634 τάς
207 555 328 640 αἰχμάς
354 557 602 641 α’ντισεήσαντες,
624 548 708 621 οὕτω
729 555 787 639 την
804 553 923 641 ἔφοδον
941 558 1130 639 έξειλέχοντο,
1151 560 1236 638 βρα-

126 666 199 743 χεῖς
218 660 276 739 μέν
291 650 376 733 ’ὄντες
397 662 452 723 καί
465 659 547 742 μηδὲ
569 656 648 742 πρὸς
668 654 701 722 ri
727 655 902 723 πολλοστὸν
923 659 977 741 τῆς
991 659 1112 722 ἐκείνου
1136 682 1236 740 στρα-

124 760 200 833 τιάς
223 754 451 837 άποσοόζσντες,
473 754 501 822 οἱ
526 754 653 832 πλείους
677 758 706 819 d’
728 758 837 822 αὐτῶν
859 757 1112 840 α’πιιροπάλεμσί
1128 762 1236 839 τεκαὶ

95 857 310 940 5ξάγκλυιλες,
334 860 461 923 πίσυνοι
485 858 519 921 δὲ
548 860 587 943 τῇ
617 855 862 946 οἷποτειχιζοάσρ
895 856 1010 946 τάφρην
1039 861 1237 941 καθεστῶτες

124 958 204 1033 τούς
238 956 416 1035 ἐναντίους·
467 957 634 1041 ἀρθέντων,
665 951 721 1023 οὖν
750 960 811 1022 τάν
839 960 978 1044 σημείων
1011 957 1045 1023 αἱ
1076 957 1237 1045 φάλαγγες

125 1057 336 1143 ἀνεφάνησαν
350 1058 541 1143 στοιχηδὸν,
565 1056 678 1139 οἱμὲν
703 1058 978 1145 προσορισάμενοι
1010 1059 1064 1142 τῆς
1096 1059 1237 1125 dacoru-

124 1160 217 1243 τικῆς
248 1162 445 1247 παρουσίας,
479 1158 512 1225 αἱ
536 1163 571 1225 δέ
593 1161 653 1225 τῶν
678 1155 817 1244 κεράτων
838 1159 1045 1246 ἐξηρτημένοι
1067 1162 1123 1225 καί
1142 1151 1236 1226 άλλαι

124 1262 183 1343 τῆς
218 1258 372 1345 οὐρανίας
403 1262 571 1345 ἐχόμεναι,
604 1264 663 1339 ἕως
693 1258 839 1327 άπέναντι
869 1263 925 1347 τῆς
963 1261 1091 1348 τάφρου
1122 1286 1237 1329 συντε-

79 1364 284 1445 1οτσμμένας
324 1363 382 1437 τὰς
425 1362 577 1445 δυνάμεις
609 1360 795 1449 ἐστήσαντο.
850 1356 918 1429 εἶτα
947 1365 1036 1445 σιγῆς
1068 1366 1237 1449 γενομένης

126 1462 361 1545 ἀκροβολισμοὶ
392 1461 428 1530 τά
464 1466 590 1548 πρῶτον
625 1468 785 1547 ἐγίνοντο,
818 1462 873 1528 καί
909 1465 1083 1530 πελτασταί
1112 1464 1237 1549 σπορά-

132 1566 187 1637 dec
210 1566 243 1641 έξ
264 1556 413 1647 ἑκατέρου
440 1569 560 1648 μέρους
589 1562 735 1647 οἶλλὴλοις
764 1567 968 1645 συνέπιπτον,
997 1562 1053 1629 καί
1074 1558 1160 1629 σάτω
1181 1570 1237 1648 τῆς

126 1666 237 1748 μάχης
268 1662 348 1727 κατά
370 1663 485 1751 μικράν
514 1664 730 1749 άναπτομένης
759 1664 889 1731 ἱππόται
911 1674 977 1744 τοῖς
996 1666 1063 1749 Χτοῦ
1080 1670 1238 1747 βασιλέως

128 1765 237 1841 πεζοῖς
266 1770 331 1838 τοϊς
353 1764 439 1841 έκτὸς
470 1768 525 1831 τοῦ
552 1769 696 1852 χάρακος
727 1766 972 1851 πρυσπηδησασι
1003 1764 1061 1841 τάς
1078 1770 1238 1849 σαρίσσος

83 1866 296 1950 λὸέπέφερσν.
344 1858 418 1931 εἶτα
445 1866 542 1953 μοῖρά
565 1892 612 1944 τις
642 1870 864 1952 ἀποτμηθεῖσα
897 1871 953 1933 καί
972 1862 1237 1952 τοῖςἉγαρηνοῖς

100 1966 185 2031 “ε’πί
206 1969 353 2047 μέτωπον
374 1975 584 2053 προαχθεῖσυ,
607 1971 661 2033 καί
684 1966 776 2048 δόξαν
798 1974 1024 2053 παρασχομένη
1040 1970 1156 2057 φυγῆς,
1180 1971 1237 2054 τῆς

128 2069 249 2141 οἰκείας
269 2068 411 2145 στάσεως
433 2069 474 2145 ὥς
495 2068 665 2145 διώκοντας
687 2068 806 2146 ου’τοάς
818 2068 1053 2155 μετεστήσατο·
1099 2073 1155 2133 καί
1176 2095 1237 2135 εα-

127 2169 212 2251 χέως
227 2174 478 2255 μεταστρέψασα
509 2172 583 2250 τούς
606 2170 765 2259 ῥυτῆρας,
785 2174 830 2246 εἰς
859 2175 959 2253 μέσον
979 2171 1109 2247 τοάτους
1127 2174 1237 2237 συνέκ·

129 2274 226 2351 λεισε,
250 2268 305 2335 καί
326 2268 421 2356 φόνον
443 2276 562 2340 τούτων
584 2276 640 2337 oris
658 2269 1124 2358 ευάρίθμητονκατειργάσατο.
1167 2273 1240 2337 έπεί

84 2372 167 2438 auti
190 2374 245 2436 καί
264 2374 309 2449 εἰς
329 2372 386 2457 τὴν
408 2374 556 2462 τοιαύτην
570 2376 730 2464 ἐπιφοράν
752 2370 933 2460 ἐποιήσατο,
957 2374 1109 2459 σύνθημα
1128 2376 1236 2458 γέγονε

131 2482 196 2549 τοῖς
211 2470 324 2540 ἑστῶσι
342 2482 601 2563 συντεταγμένοις
616 2475 772 2556 ἀλαλάξαι
786 2479 976 2555 πολεμικάς,
995 2472 1051 2539 καί
1059 2472 1237 2540 σαλπισάν-

130 2601 192 2641 των
215 2579 279 2646 τοῖν
300 2583 481 2645 σαλπιστῶν
512 2581 658 2662 ου’τοβσεί
679 2601 710 2643 τε
741 2581 785 2666 τῷ
802 2576 923 2661 χάρακι
945 2579 1153 2661 ἐπιφέρονται
1182 2579 1238 2641 καί

131 2680 243 2744 τοῦτον
267 2677 414 2763 αἱροῦσιν
433 2683 466 2758 έξ
489 2682 608 2767 ἐφόδου
621 2731 630 2761 ,
654 2678 945 2764 περιστοιχίσαντες
960 2677 1057 2762 ’δίκην
1076 2679 1250 2764 μελισσῶν,
1301 2756 1306 2764 ¹
1338 2752 1355 2765 ..

206 2843 232 2894 5.
252 2840 435 2917 decurrisse?
542 2843 585 2896 20.
607 2844 658 2914 τίς]
681 2839 887 2903 anelantibus?

133 3015 203 3083 regii
224 3023 251 3066 ct
270 3015 393 3082 cuspides
413 3023 506 3067 contra
524 3022 658 3080 tenentes,
678 3017 716 3068 ita
730 3015 856 3082 impetum
877 3013 1055 3082 excipiebant,
1075 3014 1153 3081 pauci
1172 3014 1235 3082 qui.

132 3087 192 3138 dem
212 3095 292 3154 atque
310 3102 344 3137 ue
365 3093 456 3138 contra
476 3087 608 3139 minimam
634 3088 739 3155 quidem
766 3096 868 3154 partem
887 3087 1021 3138 exercitus
1039 3085 1114 3138 illius
1133 3086 1236 3138 servari

134 3159 266 3222 valentes,
287 3158 378 3226 plures
397 3167 484 3210 autem
504 3174 594 3210 eorum
612 3159 680 3210 belli
705 3161 822 3226 imperiti
847 3167 875 3210 et
892 3159 1022 3222 aduenae,
1043 3160 1089 3210 sed
1109 3158 1170 3209 freti
1188 3173 1234 3208 ar.

134 3238 211 3282 ceute
233 3230 304 3282 lassa
329 3232 461 3283 adstantes
488 3226 588 3282 eontra'
609 3231 715 3294 hostes;
741 3231 858 3282 sublatis.
873 3231 965 3298 igiturx
982 3230 1066 3298 signis
1086 3229 1234 3298 phalanges
1280 3260 1284 3266 κ

90 3297 94 3306 ’
133 3309 313 3368 apparuerunt
332 3303 485 3366 instructae,
505 3301 575 3354 aliae
595 3310 753 3353 anteeantes
773 3303 875 3367 copiam
903 3301 936 3352 ad
954 3301 1134 3353 deiectionem
1153 3316 1234 3367 para-

133 3383 194 3438 tam,
217 3373 287 3425 aliae
307 3375 464 3426 coniunctae
484 3390 544 3426 cum
563 3375 703 3439 comibus,
724 3382 751 3425 et
768 3373 838 3425 aliae
858 3373 958 3423 ultimis
977 3372 1162 3433 adnectentes,
1182 3372 1234 3422 do.

132 3460 183 3497 nec
211 3447 272 3496 anie
299 3446 394 3497 lessam
423 3440 563 3498 instructas
594 3447 666 3498 vires
691 3439 900 3508 edustitucrunt,
927 3452 980 3495 tum
1006 3443 1114 3495 silentio
1139 3451 1232 3494 coortu

133 3531 238 3585 pugnae
259 3519 359 3570 eminus
378 3519 514 3569 institutae
534 3519 646 3584 primum
665 3519 778 3580 fiebant,
807 3526 833 3569 et
851 3514 982 3584 peltastae
1000 3515 1085 3583 sparsi
1106 3530 1140 3565 ex
1157 3522 1233 3566 utra.
1270 3561 1280 3576 ,

134 3604 186 3658 que
202 3595 280 3654 parte
299 3606 328 3639 se
347 3591 462 3641 invicem
481 3590 719 3658 aggrediebantur,
741 3598 821 3656 atque
840 3591 879 3640 sic
898 3604 956 3639 eum
975 3602 1065 3657 pugna
1083 3602 1171 3654 paene
1188 3589 1233 3637 in.

133 3659 301 3722 conderetur,
323 3663 425 3728 equites
445 3661 578 3727 peditibus
598 3663 671 3730 regis
697 3671 771 3713 extra
794 3661 894 3712 vallum
914 3661 1031 3728 egressis
1058 3660 1169 3710 sarissas
1188 3660 1232 3710 in-

133 3730 265 3794 ferebant,
286 3740 340 3782 tum
358 3747 420 3798 pars
446 3733 573 3799 quaedam
599 3735 684 3785 divisa
712 3742 738 3785 et
757 3733 888 3802 Agerenis
912 3734 939 3782 in
965 3732 1052 3782 ironte
1077 3731 1189 3782 adducta
1208 3739 1234 3781 et

133 3803 252 3870 speciem
271 3804 400 3869 praebens
421 3804 501 3871 iugae
520 3805 642 3858 internae
662 3805 801 3856 seditionis
821 3805 896 3872 quasi
916 3811 1043 3871 urgentes
1064 3817 1109 3853 eos
1130 3803 1232 3854 consti.

132 3875 191 3938 tuit,
213 3882 240 3924 et
260 3875 386 3926 celeriter
405 3884 512 3927 vertens
531 3876 608 3928 irena
633 3877 734 3929 medios
763 3877 812 3928 lrus
831 3876 949 3939 inclusit,
970 3883 996 3924 et
1011 3875 1119 3925 caedem
1138 3873 1232 3925 borum

132 3945 352 4000 innumerabilem
372 3947 497 3998 coniecit.
536 3965 594 4000 cum
614 3958 701 4000 autem
722 3948 850 4000 etiamad
870 3947 941 3997 bunc
958 3945 1039 4014 talem
1058 3946 1184 4011 impeturn
1203 3961 1233 3996 se

133 4020 301 4084 accingeret,
329 4021 433 4085 signum
452 4020 539 4070 datum
568 4029 608 4073 est
633 4020 768 4072 instructis
794 4020 838 4087 qui
867 4018 1004 4069 adstabant
1033 4025 1061 4068 ut
1087 4016 1232 4068 clamarent

133 4089 240 4140 militari
259 4090 379 4140 modoet
399 4105 455 4139 cum
471 4092 633 4144 cecinissent
650 4093 837 4143 buccinatores
856 4091 940 4156 primo
954 4088 1070 4139 elamore
1090 4087 1163 4138 valle
1183 4088 1230 4138 ad.

134 4162 270 4212 feruntur:
290 4169 369 4229 atque
389 4161 439 4212 boe
459 4160 558 4214 tollunt
576 4165 660 4230 primo
678 4166 777 4229 impetu
798 4164 936 4229 cingentes
956 4162 1043 4227 apium
1056 4162 1138 4212 instar
1157 4174 1229 4212 sum-

134 4247 202 4285 mum
220 4247 338 4305 murum,
368 4241 394 4284 et
412 4233 527 4300 ingressi
552 4238 623 4290 intus
647 4235 745 4291 multos
770 4234 901 4288 necabant
926 4243 953 4288 et
972 4232 1109 4286 calcabant
1129 4245 1229 4298 eorum,
