2967 4825
240 258 312 349 nc
432 272 436 279 ’
521 268 743 346 manante
772 230 1033 344 amasiones

236 460 294 529 καί
312 456 584 534 διαναπαόσοντες
608 452 745 534 ἕαντοός
776 460 820 533 εἰς
840 454 879 541 ἢν
900 453 1080 522 τεθείκασιν
1100 456 1134 520 έν
1153 455 1191 542 τῇ
1211 456 1341 519 Βλατι-

236 558 345 647 tandm
372 558 575 647 παρεμβολὴν
604 556 741 653 ᾤχοντο,
769 558 823 625 διό
856 561 909 640 τῆς
941 552 1052 632 νυκτός
1087 552 1278 641 όπερβόντες
1297 552 1338 618 τό

236 659 456 750 Σαρβανέικόν
486 656 560 748 όρος
594 666 649 728 καί
679 665 725 738 εἰς
745 658 782 727 τό
804 660 860 727 τοῦ
883 656 997 725 Χόλεπ
1020 655 1226 731 ἐπελάσαντες
1248 648 1337 741 ὅρια.

175 742 187 766 ⁸
236 762 503 849 ἅπρακτησόντιον
539 758 596 829 σόν
624 766 685 830 τοῖν
707 762 741 829 ἐν
763 762 995 851 Μοψουεστίρι,
1017 758 1073 824 καί
1091 756 1133 843 μὴ
1157 754 1339 844 εέρηκόταν
1371 843 1385 848 -

235 864 312 944 τοός
333 862 495 942 ἐναντίους
518 866 563 941 εἷς
585 860 662 951 ὅπερ
685 856 821 951 ἤλπισαν
844 860 1053 947 καταγώγιον,
1074 861 1147 925 α’νία
1164 862 1223 940 μέν
1246 859 1367 924 κατέ-5

236 991 294 1051 σχε
315 965 369 1034 τόν
389 970 525 1050 βασιλέα
547 964 745 1047 πυθόμενον·
787 962 858 1030 ἐπεί
877 966 912 1028 dt
925 965 982 1027 καί
1002 956 1101 1036 αότός
1121 958 1236 1045 μικρόν
1256 952 1340 1043 όέπο-Ι

236 1073 295 1134 θεν
314 1069 369 1154 τῆς
389 1064 424 1133 έν
438 1060 607 1157 Σελευκείρι
621 1066 910 1141 Κλαυέιουπόλεως
932 1060 1088 1139 καταστός
1110 1063 1185 1146 περί
1200 1064 1255 1146 τῆς
1277 1064 1341 1125 τόν

237 1167 397 1251 πολεμίων
427 1166 624 1253 ἐμεμαθήκει
653 1171 776 1255 φυχῆς,
806 1163 1039 1250 σ’πισθόρμητος
1071 1165 1215 1248 γέγονεν,
1238 1160 1340 1235 erl-laic

229 1260 297 1353 ιμὲν
320 1272 376 1353 τῆς
397 1269 631 1354 βασιλευούσης
662 1268 703 1345 σός
722 1272 778 1334 καί
799 1268 857 1333 τοῦ
877 1264 1063 1350 μετοπώρου
1092 1260 1256 1349 προϊόντος
1278 1288 1339 1327 κα-

237 1368 471 1453 τατεινόμενος,
499 1367 606 1453 ἕτερον
639 1371 674 1435 δὲ
696 1368 775 1434 λαόν
792 1368 837 1443 εἰς
859 1367 897 1433 τὰ
929 1362 1059 1431 κατόπιν
1079 1362 1260 1431 καταλιπόν
1283 1359 1338 1427 διό
1353 1380 1390 1435 10

237 1460 273 1537 ’τό
299 1471 356 1537 καί
373 1466 501 1555 ἑτέρους
527 1470 690 1557 Τοόρκους
708 1470 957 1555 καταληίζεσθαι
985 1466 1042 1551 τὴν
1064 1462 1245 1549 Ῥωμαϊκήν
1270 1466 1339 1549 γῆν,

237 1572 317 1639 κατόν
330 1576 479 1660 ’φατρίας
500 1575 557 1636 καί
572 1570 687 1657 μοίρας
710 1573 972 1655 διαιρουμένους,
1003 1574 1058 1632 καί
1089 1570 1342 1650 κατατρέχοντας

237 1672 294 1740 καί
314 1676 348 1737 τό
369 1672 551 1757 προστυχὸν
575 1674 798 1760 ἀφανίζοντας.
852 1670 1001 1747 εἰσιόντος
1024 1664 1082 1733 σόν
1103 1669 1160 1733 τοῦ
1181 1668 1341 1749 βασιλέως

140 1776 143 1780 ’
237 1774 272 1839 έν
287 1774 637 1851 Κωνσταντινουπόλει,
661 1776 710 1838 ἔπ’
726 1772 814 1839 οἴκου
837 1775 891 1838 καί
910 1771 946 1837 τό
970 1766 1080 1837 λοιπόν
1099 1772 1157 1835 τοῦ
1180 1766 1341 1854 στρατεί-

236 1898 336 1957 ματος
357 1876 481 1959 γέγονε·
524 1874 580 1940 καί
599 1874 634 1942 τό
659 1872 726 1951 ἔτος
749 1873 895 1941 ἐτελεότα
917 1874 1036 1961 έκεῖνο,
1058 1874 1252 1948 ι’νδικτιιόνος
1272 1873 1339 1935 ένι-
1352 1884 1388 1939 15

116 2002 142 2041 τ.
162 1981 393 2063 λθλθσταμένης
415 1975 440 2062 η’
463 1977 518 2042 τοῦ
541 1978 638 2072 ⁴spots
664 1976 772 2064 έτονς,
794 1968 845 2041 ὅτε
864 1979 920 2065 καί
940 1974 975 2042 τό
999 1978 1145 2061 μέγιστον
1166 1972 1255 2059 ἱερόν
1275 1974 1340 2038 τόν

237 2082 432 2163 Βλσχερνοόν
453 2080 513 2153 ἕως
534 2077 939 2164 έδόφους·ἐπυρπολήθη.“

337 2188 424 2253 Ἐπεί
444 2190 480 2253 δὲ
500 2188 536 2254 τό
554 2186 611 2275 ἔαρ
632 2188 869 2275 όποφαίνεσθαι
886 2182 1015 2273 ἤρξατο,
1037 2190 1195 2271 ἐσκέψατο
1217 2192 1256 2279 τῇ
1277 2192 1340 2273 βα-

238 2290 338 2357 σιλίδι
370 2299 520 2376 παρεῖναι
552 2286 569 2353 ό
589 2288 741 2373 βασιλεός
769 2292 824 2355 καί
839 2289 910 2375 τὴν
931 2290 1100 2375 ἡγεμονίαν
1122 2294 1180 2354 τοῦ
1200 2294 1341 2377 στρατοῦ

239 2390 317 2487 πρός
345 2389 401 2479 τόν
428 2384 511 2458 ἓοόαν
534 2388 582 2458 ἔνι’
610 2394 674 2458 ταῖν
696 2390 895 2477 προεχόντων
927 2395 1134 2475 ἐμπιστεῦοαι
1159 2390 1337 2478 Ῥωμαίων.
1352 2417 1388 2470 20

238 2496 409 2579 προκρίνας
440 2488 497 2561 σόν
527 2493 687 2580 Marcell
712 2496 976 2582 πρωτοπρόεόρον
1008 2495 1061 2560 τὸν
1084 2493 1265 2580 Κσμνηνόν,
1287 2497 1344 2562 καί

238 2599 280 2686 τῷ
301 2592 357 2661 τοό
377 2594 620 2683 κουροπαλότου
641 2591 778 2682 τιμήσας
808 2595 975 2680 α’ξιαόμοτι,
998 2595 1176 2692 στρατηγόν
1198 2601 1258 2663 τοῦ
1280 2622 1342 2663 πο-
1412 2623 1423 2646 ⁹

238 2699 337 2781 λέμου
367 2695 425 2765 καί
448 2695 589 2785 ἀρχηγόν
620 2702 678 2764 τοῦ
710 2699 949 2786 στρατεύματος
981 2699 1195 2771 ἀποδείκνυσι.
1250 2699 1287 2767 τό
1309 2703 1339 2766 δ’

239 3014 375 3082 exerptis
405 3015 560 3084 quibudam
582 3015 743 3076 Graecorum
768 3018 947 3085 llopsuestiae
973 3025 1151 3084 conventum,
1173 3034 1228 3072 nou
1247 3033 1340 3087 parum

237 3087 332 3142 morati
351 3095 378 3140 et
395 3103 425 3141 se
442 3083 598 3141 reficientes
616 3090 643 3140 in
663 3090 756 3143 castris
775 3106 839 3158 quas
858 3099 1004 3158 posuerant
1020 3091 1195 3156 Blatilibade‚
1215 3090 1341 3146 abierunt

238 3168 422 3228 pernoctem,
441 3163 601 3241 transgressi
620 3163 737 3214 montem
756 3161 943 3215 Sarbandicum
972 3170 999 3214 et
1024 3163 1055 3214 ad
1083 3162 1197 3231 Chalepi
1221 3163 1337 3230 proiecti

237 3233 314 3286 lines.
352 3248 412 3284 cum
429 3233 511 3302 igitur
530 3235 576 3302 qui
593 3235 773 3302 mopsuestiae
793 3244 884 3288 essent
901 3235 970 3286 nihil
994 3242 1107 3303 agerent
1133 3250 1222 3304 neque
1247 3235 1340 3290 hostes

238 3304 479 3372 deprehendissent
498 3306 526 3358 in
545 3306 641 3374 quibus
660 3305 771 3358 latebris
790 3316 974 3374 speraverant,
993 3307 1132 3373 aegritudo
1152 3307 1268 3360 obtinuit
1292 3324 1341 3359 re.

238 3393 300 3446 gem
319 3385 459 3445 postquam
477 3376 545 3428 haec
563 3379 674 3430 audivit.
712 3394 771 3428 cum
791 3387 878 3429 ουτω
899 3387 926 3430 et
944 3380 1002 3446 ipse
1015 3378 1122 3446 paulum
1144 3378 1343 3448 aclaudiopoli

239 3449 307 3502 urbe
326 3448 468 3501 Seleuciae
485 3464 516 3501 se
535 3451 701 3501 constituens
720 3449 836 3500 hostium
854 3451 1001 3504 audivisset
1014 3451 1113 3519 lugam,
1132 3452 1234 3503 reverti
1253 3453 1345 3519 coepit

243 3521 347 3590 regiam
365 3535 470 3582 versus,
492 3535 551 3570 cum
577 3521 655 3571 etiam
675 3530 830 3574 anctumuua
849 3524 1009 3590 procederet
1033 3523 1084 3575 iter
1111 3521 1288 3587 accelerans,
1317 3530 1346 3574 et

245 3591 326 3644 aliam
344 3592 482 3660 reliquens
501 3606 517 3642 a
534 3599 612 3659 tergo
632 3608 736 3643 manum
761 3594 822 3660 quia
851 3595 928 3645 etiam
953 3595 999 3646 alii
1023 3593 1123 3647 'lurcae
1149 3583 1345 3661 praedabantur

246 3663 373 3717 Graecam
391 3671 488 3714 terram
514 3664 659 3715 secundum
684 3672 779 3732 gentes
805 3673 831 3715 et
858 3674 945 3732 partes
970 3667 1049 3720 divisi
1076 3675 1102 3718 et
1124 3667 1292 3720 incurrentes
1317 3673 1345 3717 et

242 3749 312 3802 quae
331 3733 438 3784 obviam
457 3742 547 3785 essent
566 3734 696 3787 delentes.
735 3752 793 3786 curn
813 3737 895 3804 igitur
913 3755 960 3790 rex
980 3737 1231 3805 Constantinopolin
1255 3733 1343 3790 iutra-

242 3812 292 3868 ret‚
312 3805 382 3856 domi
402 3805 481 3855 etiam
500 3803 620 3873 reliquus
632 3815 688 3857 erat
707 3809 856 3860 exercitusr
878 3818 905 3862 et
922 3825 1006 3861 annus
1025 3811 1104 3862 desiit
1122 3808 1181 3874 ille,
1192 3811 1357 3862 indictione'

238 3876 309 3928 viil.
328 3877 444 3929 instante
461 3878 524 3928 anni
542 3877 628 3930 6578:
648 3879 752 3946 quando
773 3881 850 3931 etiarn
869 3882 1009 3932 maximum
1028 3882 1154 3950 templum
1174 3881 1342 3934 Blacherna-

238 3963 296 4000 rum
316 3964 401 4016 usquc
420 3949 454 4000 ad
471 3948 557 4002 solum
575 3950 631 4017 igni
651 3959 846 4004 concrematum
874 3961 923 4005 est.
978 3939 983 3964 ‘

343 4046 407 4099 Cum
427 4054 516 4098 autem
535 4064 584 4100 ver
602 4064 731 4115 apparere
752 4051 896 4117 coepisset,
916 4053 1006 4103 statuit
1025 4053 1117 4121 regiae
1134 4053 1229 4105 adesse
1248 4067 1296 4104 rex
1317 4059 1346 4104 et

243 4118 384 4184 imperium
404 4121 537 4171 exercitus
557 4128 649 4172 contra
663 4122 793 4174 orientem
804 4121 885 4173 alicui
895 4122 1024 4176 nobilium
1044 4125 1155 4176 credere
1167 4124 1345 4178 Graecorum:

249 4188 356 4265 eligens
377 4190 459 4259 igitur
477 4192 626 4244 llanuelem
644 4193 784 4244 maximum
805 4195 951 4262 praesidem
971 4195 1152 4264 domnoniam,
1177 4204 1204 4248 et
1222 4197 1348 4266 Conopa-
