2967 4825
489 248 495 259 ⁴
543 292 750 377 alsnoau.
876 416 885 429 ἱ
1125 290 1193 381 uu

109 472 283 551 τιθεμένων,
307 468 383 555 πρός
406 499 435 541 τι
462 464 595 556 όναντες
619 484 674 545 καί
692 478 798 565 τραχό
820 482 939 564 χοιρίον
959 478 1015 565 τήν
1040 484 1124 548 ἰδίαν
1139 507 1198 548 κα-

108 567 295 654 τασκήνωσιν
314 574 504 659 ἐποιήσατο,
524 579 704 663 [δωματίοις
733 584 909 665 έπιστέγοις
938 580 1196 667 έπιγαννόμτνος,

37 743 39 747 ,
107 672 155 735 καί
174 668 300 756 φεόγονν
324 671 381 759 τήν
408 677 442 740 ἐκ
464 680 519 763 τής
540 686 751 766 σκηνοπηγίας
774 680 973 767 ε’νσκήνωσιν.
1017 682 1095 749 ἔνθα
1118 684 1197 769 δήτι
1237 685 1240 690 ’

106 771 153 836 καί
171 775 287 857 συνέβη
310 778 371 840 τοῖν
393 784 555 864 προτέρων
578 783 636 845 oda
657 780 784 863 ἔλαττον
796 786 841 859 εἰς
864 787 1107 869 κακοδαιμονίας
1120 786 1197 852 οίοό-

84 886 203 965 5νισμα.
254 877 325 957 πόρ
356 876 417 961 γόρ
444 884 543 944 ποθεν
571 884 707 965 έναχδὲν
736 884 809 958 τούς
844 883 962 965 δόμους
993 882 1140 966 ἐκείνους,
1161 890 1196 951 έν
1264 957 1270 965 ,

104 964 144 1049 οἷς
163 974 180 1037 δ
201 975 356 1057 βασιλιός
386 974 613 1067 ἐγκατῴκισεν,
641 980 720 1065 μετὰ
746 987 861 1069 πόλλής
880 987 934 1069 τῆς
957 987 1034 1071 η’χής
1056 989 1197 1073 ἐξαφθὲν

102 1080 288 1159 κατενέμετο.
333 1081 388 1145 καί
406 1079 518 1145 πολλοί
536 1086 595 1163 μέν
618 1087 818 1169 συνέδραμον
836 1088 880 1163 εἰς
899 1085 952 1171 τήν
973 1086 1076 1151 αότοό
1095 1084 1197 1153 κατό-

101 1184 202 1261 σβεσιν
224 1183 286 1277 ικαί
307 1177 500 1270 α’πόπαυσιν,
525 1185 629 1268 σ’λίγον
649 1188 684 1251 δέ
703 1213 734 1251 τι
758 1195 822 1263 τοῖς
840 1193 1018 1271 βασιλικοῖς
1037 1195 1198 1277 παραβοη-

100 1287 199 1368 δησαν
229 1277 431 1367 πράγμασιν·
484 1282 514 1349 ot
546 1283 607 1370 γὰρ
643 1294 702 1351 τοῦ
723 1289 881 1370 βασιλέως
916 1290 1024 1372 ἵπποι,
1059 1286 1130 1356 ὅσοι
1159 1289 1198 1359 τό

67 1385 203 1467 Ιθπροῐτα
228 1386 292 1447 τεόν
316 1374 421 1450 όλλανν
455 1386 634 1471 ἐκέκτηντο,
667 1391 721 1453 καί
745 1387 782 1454 τό
810 1391 873 1453 τῶν
893 1380 998 1457 dutus
1025 1396 1196 1479 τιμιώτερα

100 1486 150 1547 καί
165 1487 294 1567 χαλινοί
316 1489 372 1550 καί
396 1484 541 1571 ὀχήματα
567 1492 688 1575 βρῶσις
719 1489 804 1572 όμοῦ
834 1492 891 1555 τοό
920 1489 1021 1576 πυρός
1049 1494 1197 1577 γεγόνασι

99 1584 149 1648 καί
176 1592 359 1663 κατάποσις.
410 1588 501 1667 μόλις
526 1593 554 1653 δ’
587 1583 643 1655 σόν
671 1588 878 1678 ἠδυνήθησαν
906 1618 977 1658 τινα
1003 1596 1064 1659 τεόν
1094 1589 1197 1662 ἄλλων

99 1686 273 1771 ἀποφυγεῖν
293 1685 350 1771 τήν
371 1692 428 1754 τοῦ
455 1687 556 1772 πυρός
584 1691 695 1774 ἐρωήν.
745 1694 845 1777 ἕτεροι
879 1696 913 1757 δέ
933 1696 995 1758 τῶν
1017 1695 1120 1759 ἳππων
1143 1694 1198 1759 καί

98 1784 236 1870 ἡμιόνων
257 1788 447 1875 ἡμίφλεκτοι
467 1790 625 1875 γεγονότες
648 1792 797 1872 έβόδιζον
820 1796 853 1857 έν
874 1798 913 1881 τῇ
933 1796 1080 1881 στρατιᾷ,
1102 1796 1196 1861 ου’δὲν

64 1891 253 1964 15λυσιτελὲς
277 1890 510 1975 παρεχόμενοι,
541 1891 722 1984 μαρτυρίαν
746 1895 780 1956 δέ
807 1894 1046 1979 διεμφαίνοντες
1075 1900 1130 1979 τῆς
1163 1899 1197 1961 έν

96 1998 154 2064 τοῖς
174 1995 352 2073 βασιλείοις
372 1997 619 2080 προσγενομένης
643 1984 812 2079 κακότητος
838 1998 902 2059 ,καί
923 1998 981 2080 τής
1003 1996 1197 2082 συμβολικής

96 2093 126 2154 έν
147 2086 250 2157 ἅπασι
274 2094 460 2170 διαθέσεως.
597 2168 612 2176 ,

186 2191 297 2262 Ἀλλό.
310 2198 413 2260 ταῦτα
434 2200 494 2279 μέν
517 2192 651 2280 όσττρον
673 2196 708 2261 τό
729 2198 928 2277 α’ποτέλεσμα
948 2202 1225 2283 συντπέραινεν·λ.
1240 2212 1329 2270 1oov.

95 2295 110 2359 ό
131 2298 165 2360 δὲ
186 2293 342 2376 βασιλτός
366 2298 614 2379 διαπεραιωθτίς
638 2295 694 2360 τόν
716 2298 882 2383 Σαγγόρην
902 2296 1043 2380 ποταμόν
1064 2299 1120 2365 διό
1139 2302 1196 2385 τής

58 2402 148 2466 totos]
170 2397 307 2480 Ζόμπου
332 2401 526 2484 καλουμένης
542 2394 700 2484 γεφόρας,
721 2390 840 2483 ἤρξατο
864 2397 921 2477 τός
945 2399 1195 2485 ὑπολειπομένας
1234 2384 1235 2391 ¹
1277 2384 1279 2395 ¹

93 2502 319 2583 ’συναθροίζειν
340 2497 512 2581 δυνόμεις·
565 2494 646 2584 ήσαν
678 2499 740 2585 γόρ
764 2498 794 2565 οἱ
823 2503 878 2585 τῆς
901 2505 1049 2588 στρατιᾶς
1072 2507 1196 2570 διεσκε-

95 2603 248 2682 δασμένοι
275 2601 354 2687 κατόν
388 2597 508 2688 λόφους
541 2602 596 2664 καί
623 2601 785 2687 σήραγγας
815 2606 870 2669 καί
897 2600 1098 2690 κρησφόγετό
1123 2630 1193 2671 τινα

94 2701 145 2767 καί
166 2696 271 2786 ἄντρα
293 2702 346 2767 διὰ
370 2702 429 2787 τήν
449 2706 733 2788 προδεδηλωμένην
762 2704 1019 2790 τῶνβαρβάρων
1041 2703 1194 2788 ἐπίτασιν.

94 2806 265 2881 καταλέξας
286 2807 316 2870 δ’
345 2798 403 2870 οὖν
432 2798 525 2882 όσους
556 2804 640 2894 αὐτῷ
660 2809 843 2896 βουλομένῳ
863 2807 956 2891 ἐνῆν,
978 2807 1144 2885 πλείστους
1167 2809 1196 2872 δ’

584 3056 591 3078 Ι

94 3095 216 3148 domibus
234 3096 314 3148 tectis
333 3096 452 3162 gaudens
472 3105 499 3148 et
518 3097 624 3166 fugiens
645 3104 731 3147 castra
751 3111 819 3164 quae
840 3096 963 3148 tentoriis
982 3097 1094 3164 figendis
1114 3097 1196 3150 liunt:

94 3167 139 3218 ubi
160 3168 240 3219 etiam
261 3167 361 3235 aliquid
379 3168 484 3232 accidit,
511 3169 581 3237 quod
600 3167 734 3236 prioribus
760 3182 814 3218 non
831 3169 918 3220 minus
937 3167 968 3219 ad
986 3167 1118 3218 infaustae
1138 3168 1196 3221 ior-

94 3247 173 3290 tunac
199 3253 278 3290 omen
306 3239 463 3304 pertineret.
506 3241 577 3308 ignis
603 3242 672 3290 euim
697 3238 822 3290 alicunde
846 3237 937 3289 illatus
967 3239 1058 3290 domos
1078 3237 1148 3303 illus,
1167 3240 1196 3292 in

94 3311 190 3378 quibus
209 3326 258 3362 rex
276 3308 421 3374 habitabat,
439 3310 523 3362 multo
543 3311 602 3362 cum
629 3311 757 3379 clangore
782 3325 911 3361 accensus
929 3309 1091 3362 devastavitz
1115 3319 1195 3379 atquc

85 3382 168 3434 ‘multi
194 3383 300 3450 quidem
327 3382 360 3432 ad
385 3383 586 3452 ros'tiguendum
612 3399 670 3434 eum
689 3391 716 3433 et
733 3380 874 3434 delendum
896 3387 1097 3443 concurrerunt,
1115 3382 1195 3448 pauci

91 3462 180 3505 autem
208 3454 291 3522 regiis
316 3463 505 3505 succurrerunt
529 3454 618 3507 rebus.
664 3455 725 3522 equi
752 3454 821 3504 enim
839 3453 922 3521 regis,
947 3459 1078 3521 quotquot
1096 3468 1195 3504 summa

91 3526 205 3586 aliorum
233 3526 350 3592 praemia
375 3525 560 3591 obtinuerant,
585 3535 611 3578 et
635 3541 766 3577 armorum
794 3541 863 3593 quae
889 3533 963 3576 eraut
980 3523 1092 3575 maxime
1111 3526 1195 3576 aesti.
1245 3570 1249 3582 s

91 3607 171 3664 mata,
193 3606 219 3649 et
237 3598 313 3648 irena
333 3605 360 3648 et
378 3598 448 3648 carri
467 3598 541 3650 cibus
556 3597 633 3650 simul
653 3599 723 3666 ignis
744 3597 814 3650 lucta
832 3605 894 3648 suut
907 3605 934 3646 et
951 3603 1038 3663 potus.
1076 3597 1122 3649 vix
1140 3598 1196 3666 igi.

92 3679 137 3721 tur
154 3676 301 3738 potuerunt
321 3669 448 3737 quaedam
469 3679 618 3721 ceterorum
638 3671 759 3737 elingere
779 3669 849 3738 ignis
869 3668 1004 3735 impetum.
1043 3667 1090 3718 alii
1109 3676 1197 3720 autem

94 3755 225 3809 equorum
253 3739 437 3810 mulorumque
465 3743 585 3794 semiusti
603 3741 677 3792 ibant
695 3742 723 3791 in
745 3741 864 3791 exercitu
888 3739 957 3790 nihil
977 3737 1043 3790 utile
1063 3738 1197 3806 praeben.

92 3821 154 3878 tes,
174 3812 355 3863 testimonium
375 3821 462 3863 autem
479 3813 651 3865 ostendentes
671 3810 733 3862 mali
754 3811 825 3878 quod
843 3812 927 3878 regiis
946 3809 1026 3862 rebus
1046 3811 1208 3876 acciderat,¹

93 3893 121 3936 ct
139 3884 306 3952 significatae
318 3885 346 3934 in
366 3885 487 3937 omnibus
506 3885 700 3950 dispositionis.
738 3884 785 3934 sed
804 3883 870 3933 hacc
881 3882 987 3950 quidem
1005 3889 1098 3947 postea
1111 3897 1197 3935 even.

93 3963 147 4007 tum
170 3955 328 4006 habueruut.
1122 4009 1129 4022 x

194 4027 253 4079 llex
273 4036 361 4078 autem
381 4026 698 4095 transgressusSagurcm
718 4024 827 4076 fluvium
847 4039 895 4090 per
913 4031 1032 4090 pontem,
1052 4025 1097 4095 qui
1116 4025 1198 4079 Zom.

93 4114 145 4166 pus
164 4099 270 4164 dicitur,
291 4100 381 4166 coepit
397 4098 508 4150 relictas
527 4098 661 4166 colligere
680 4098 762 4148 vires.
802 4103 878 4146 erant
890 4097 957 4146 enim
969 4095 1067 4150 milltes
1084 4097 1198 4167 dispersi

93 4172 122 4221 in
150 4171 265 4223 collibus
297 4178 324 4222 et
350 4170 466 4224 vallibus
494 4179 521 4221 ct
547 4171 658 4222 latebris
683 4167 838 4237 quibusdam
871 4176 897 4219 et
925 4168 1059 4235 specubus
1077 4178 1198 4236 ·proptcr

92 4252 324 4295 commemoratum
348 4250 426 4294 antea
444 4241 615 4294 barbarorum
640 4243 775 4311 impetum.
813 4239 937 4314 collectis
956 4240 1048 4308 igitur,
1068 4245 1198 4309 quotquot

67 4327 78 4344 ‘
156 4357 238 4412 και.
255 4355 338 4410 κιαι.
358 4356 424 4412 uae.
842 4401 851 4416 ,
971 4353 1004 4408 10
