2967 4825
561 206 773 293 urs-roam}
1139 216 1213 295 tot
1242 268 1244 273 -

113 382 293 454 Ῥουοέλιον
313 387 512 472 έμομαθήκει
533 387 613 473 πρὸς
633 387 691 474 τὴν
722 391 897 472 ἀντιπέραν
918 384 1218 471 σιραταπεδεόσαα..
1241 414 1247 427 =

116 490 187 565 θοι,
207 488 265 571 την
291 488 326 555 la
357 490 413 572 τῆς
435 492 498 555 τεόν
517 490 736 574 Ἀρμενιακῶν
763 483 884 575 ἄραντα
907 484 989 570 μετό
1018 490 1135 573 πολλῆς
1166 485 1221 555 καί

117 586 281 671 α’γρόπνσυ
302 592 357 674 τῆς
378 586 532 668 έππασίας
555 591 610 655 καί
635 590 820 667 έπιτόσεως.
863 594 992 672 πέμψας
1024 591 1059 654 δέ
1092 587 1107 653 ό
1134 592 1219 655 Καί·

117 712 181 771 σαρ
203 691 279 772 περὶ
298 694 466 776 συνθηκῶν
499 691 661 780 αότῷἰιαέ
676 692 822 777 εἰρήνης,
852 690 895 766 ὥς
919 690 1019 774 εἰκός,
1048 692 1217 768 διελέξατο.

91 787 176 867 5οόιι
196 794 229 856 έν
249 788 309 881 ἴσην
329 794 365 857 δέ
387 794 433 881 τῷ
452 782 507 876 τῆς
527 784 625 878 τόχης
648 792 889 875 οἷποτελέσματί
909 815 942 861 τε
972 794 1027 857 κατ’
1055 789 1217 877 συγκυρή.

114 916 193 973 ματι
214 888 273 988 τηίι
293 897 466 979 πρεσβείαν
486 890 681 981 εἰσήνεγκεν,
704 894 775 959 οὐδ’
797 894 851 960 έπέ
881 897 1058 981 φιλοτίμοις
1087 890 1219 977 έπαγγε·

114 996 200 1068 λίαις
219 998 275 1059 ιιαί
294 996 442 1080 δωρεαῖς,
465 994 537 1059 α’λλ’
566 998 620 1062 έπέ
644 997 832 1061 ταπεινώσει
859 994 916 1061 aul
942 995 1111 1084 συμβουλῇ
1136 995 1239 1077 τάχα.

113 1095 173 1159 τοῦ
190 1093 235 1180 μή
259 1096 385 1181 α’πηναῖς
407 1096 461 1159 καί
479 1100 629 1179 χαλεπαῖς
661 1101 934 1183 διαχειρισθῆναι.
978 1092 993 1160 ὅ
1024 1098 1059 1161 δὲ
1086 1091 1219 1162 Ῥουσέ-

112 1200 181 1272 λιος
201 1193 269 1279 ἅμα
290 1200 350 1279 μὲν
372 1205 443 1274 ταῖς
469 1200 567 1273 ι’δίαις
589 1198 684 1281 χερσί
704 1203 859 1284 θαρρῶν,
888 1194 956 1281 όμα
984 1200 1019 1263 δέ
1049 1195 1103 1262 κατ’
1122 1202 1217 1261 πολε-

73 1300 210 1381 ρρμινσό
235 1298 435 1384 φρονήματος
471 1299 526 1364 κατ’
546 1299 764 1385 γενναιότητος
793 1306 912 1378 πνέων,
935 1302 990 1363 σόα
1012 1296 1137 1377 ἐδέξατο
1161 1296 1219 1381 τὴν

111 1404 282 1486 πρεσβειλιν
311 1398 355 1476 ὥς
378 1402 598 1483 ἀτιμάζουσαν
630 1402 732 1467 αότσῦ
754 1400 812 1487 τὴν
832 1400 928 1486 ι’σχδν
948 1403 1002 1466 καί
1025 1400 1218 1464 ἀπειλοῦσαι

110 1500 166 1567 κατ’
186 1500 260 1583 οόχί
276 1503 477 1589 δεξιουμένην
510 1501 608 1569 αόεδν
629 1502 835 1587 ὑποσχέσεσι.
889 1505 946 1567 καί
965 1495 1019 1567 διαὶ
1041 1503 1135 1565 τοῦτο
1156 1499 1216 1563 πό.

58 1613 61 1622 ’
110 1609 207 1684 λεμος
233 1602 356 1689 όμφοῖν
379 1601 616 1690 έπεκηρυιιεόθη
638 1612 703 1679 τοῖς
718 1608 858 1686 μέρεσιν.
901 1602 1137 1688 έπεχείρειμὲν
1157 1593 1215 1664 ’σόν

110 1702 127 1768 o‘
150 1708 280 1787 Καίσαρ
304 1704 357 1768 διά
382 1708 438 1787 τῆς
455 1704 599 1791 γεφόρας
622 1708 842 1790 περαιωθῆναι
865 1708 934 1771 κατ’
959 1705 1074 1769 ου’τοῦ·
1118 1722 1214 1766 συνε-

70 1822 100 1877 15
108 1807 244 1888 βούλευε
267 1806 297 1867 δ’
318 1804 335 1869 o‘
358 1806 575 1892 συστράτηγος
599 1800 653 1891 (ἦν
674 1810 704 1870 δ’
730 1798 824 1883 οὗτος
845 1806 1031 1893 Νικηφόρος
1050 1826 1214 1888 κονροπα-
1317 1862 1321 1873 ,

108 1904 206 1991 λα’της
230 1904 247 1970 ό
273 1908 495 1991 Βοτανειότης,
518 1906 598 1993 α’νὴρ
623 1906 655 1988 ἐξ
675 1907 810 1987 ἐνδόξων
838 1907 1004 1991 γενόμενος
1022 1904 1077 1970 κατ’
1097 1928 1214 1990 προγο.

108 2005 199 2093 νικῆν
233 2006 317 2091 ἔχων
347 2006 405 2092 τήν
427 2006 658 2093 στρατιωτικήν
688 2007 910 2094 γενναιότητα,
941 2010 997 2073 καί
1017 2005 1097 2072 κατὰ
1119 2012 1214 2092 χεῖρα

107 2110 164 2175 ιιαί
185 2113 287 2196 φρένα
309 2104 434 2173 πόντων
455 2111 645 2197 ὑπερφέρων
673 2112 729 2176 κατ’
758 2109 999 2193 όπερκείμενος,
1032 2112 1087 2173 κατ’
1105 2112 1342 2191 γένουςῐ.λθότ.

106 2214 307 2297 λαμπρότητι
334 2209 390 2275 unt
418 2216 601 2297 περιουσίας
631 2211 792 2295 όλβιότητι
821 2207 900 2276 κατόι
934 2198 1212 2289 accasamentis

68 2310 277 2397 γοτσγχόνων
307 2313 552 2398 ἐπισημότατος)
584 2310 627 2398 μη
670 2314 819 2397 διαβῆναι
856 2309 911 2377 τόν
942 2311 1101 2393 ποταμόν,
1129 2306 1210 2374 α’λλό
1317 2312 1328 2334 “

12 2416 13 2421 ’
107 2422 291 2499 περιμεῖναι
319 2415 375 2478 καί
400 2411 434 2479 τό
468 2413 579 2479 λοιπόν
597 2419 656 2481 τοῦ
682 2416 841 2496 στρατοῦ,
873 2410 927 2478 καί
947 2406 969 2500 η’
989 2409 1211 2492 καταμαλάξαι

106 2515 160 2582 τόν
182 2512 347 2601 βόρβαρσν
366 2515 579 2599 όποσχέσεσιν
600 2520 635 2582 έιι
656 2517 711 2600 τῆς
740 2510 952 2598 ὑπερθέσεως,
974 2506 995 2598 ἢ
1016 2508 1212 2599 περαιοόμε-

12 2798 13 2803 ¹
108 2721 229 2804 δημιάν
249 2721 308 2783 τοῦ
333 2721 498 2808 έπιλοίπον
518 2718 755 2808 στρατεύματος
774 2717 853 2801 μετὰ
878 2721 1019 2796 πλείονος
1037 2714 1137 2806 ταύτην
1157 2717 1213 2801 τῆς

181 2873 207 2926 2.
230 2869 359 2944 όρανιαε
376 2873 405 2928 0.
499 2858 502 2863 “
607 2919 611 2926 .

109 3000 196 3089 parte,
215 3019 364 3088 proiectum
384 3035 443 3072 cum
460 3019 543 3074 multa
561 3028 589 3073 et
606 3020 782 3089 indefatigata
807 3019 941 3090 equitandi
968 3027 995 3071 et
1011 3019 1124 3088 impetus
1143 3023 1209 3072 artat

109 3093 217 3162 legatos
234 3094 339 3158 mittens
358 3092 457 3148 caesar
476 3093 508 3145 de
527 3092 695 3161 pactionibus
724 3109 783 3143 cum
808 3107 840 3143 eo
860 3100 887 3144 et
905 3093 938 3144 de
955 3107 1032 3160 pace,
1047 3099 1077 3143 ut
1097 3105 1209 3161 aequum

111 3173 183 3229 erat,
207 3166 281 3232 ogit,
297 3181 385 3234 neque
412 3173 499 3218 tamen
518 3167 546 3218 in
565 3167 622 3238 pari
641 3164 763 3216 fortunae
793 3171 891 3216 eventu
919 3171 946 3215 et
964 3179 1027 3215 casu
1045 3162 1208 3231 legationem

20 3285 24 3290 .
110 3236 225 3301 induxit,
243 3251 332 3305 neque
350 3237 491 3305 generosis
509 3237 647 3306 promissis
668 3244 695 3287 et
711 3236 804 3300 donis,
824 3236 871 3287 sed
892 3241 1026 3287 contemtu
1046 3242 1072 3286 et
1093 3232 1207 3286 consilio

110 3315 212 3361 tantum
229 3322 284 3360 uon
302 3323 415 3376 asperae
434 3318 461 3361 et
479 3310 597 3362 difficilis
616 3309 793 3360 tractationis.
830 3306 877 3360 sed
889 3306 1013 3361 Ruselius
1042 3307 1087 3375 qui
1107 3314 1134 3357 et
1152 3304 1207 3356 suis

109 3379 232 3432 manibus
258 3381 405 3433 confideret
423 3389 454 3432 et·
476 3381 601 3434 bellicam
628 3381 819 3450 cogitationem
843 3379 1066 3447 nobilitatemque
1085 3378 1207 3445 spiraret,

109 3467 164 3505 nou
182 3453 289 3519 accepit
307 3452 486 3521 legationem,
513 3456 612 3522 quippe
632 3468 702 3523 quae
727 3453 784 3504 eius
804 3453 858 3504 vim
877 3458 1063 3506 contemneret
1081 3455 1107 3500 et
1125 3449 1209 3499 minas

111 3525 195 3576 icrrct
213 3537 303 3591 neque
321 3525 526 3592 amplecteretur
546 3542 605 3577 eum
622 3525 777 3593 promissis:
797 3531 876 3592 atque
896 3523 964 3576 hanc
984 3522 1017 3573 ob
1035 3537 1090 3573 rem
1108 3517 1211 3571 bellum

111 3596 231 3664 utrisque
250 3595 377 3648 indictum
397 3604 437 3649 est
455 3598 583 3665 partibus.
604 3597 727 3651 studebat
745 3597 827 3666 igitur
845 3595 942 3650 Caesar
962 3602 1042 3662 ponte
1062 3590 1211 3660 transgredi

111 3674 205 3718 contra
224 3682 301 3719 eum:
324 3668 452 3720 suadebat
471 3677 560 3722 antem
580 3669 688 3738 collega
708 3669 765 3721 eius
790 3668 895 3735 imperii
919 3671 993 3737 (erat
1011 3665 1054 3716 hie
1073 3661 1210 3730 Nicepho-

110 3752 156 3790 rus
171 3739 345 3806 curopalates
363 3739 527 3807 Botauiates,
545 3740 624 3792 bomo
641 3741 675 3793 ab
695 3739 851 3793 illustribus
864 3740 990 3793 oriundus
1010 3745 1037 3788 et
1055 3735 1129 3804 quasi
1150 3733 1211 3790 uvi.

110 3818 162 3862 torn
182 3808 283 3862 habeus
301 3811 443 3864 militarem
461 3813 647 3877 nobilitatem,
669 3820 696 3863 et
713 3827 793 3864 manu
813 3819 840 3862 et
859 3809 969 3880 ing'enio
988 3808 1108 3860 omnibus
1129 3820 1211 3873 prae.

111 3890 183 3935 stans
206 3890 233 3933 et
251 3885 389 3950 superior,
410 3895 436 3938 et
455 3887 562 3954 generis
581 3883 725 3952 splendore
755 3891 782 3934 et
797 3897 885 3934 rerum
909 3881 1071 3934 abundantia
1092 3879 1119 3928 in
1139 3876 1210 3927 omni

111 3956 216 4005 oriente
238 3952 426 4026 clarissimus),
444 3973 479 4008 ue
503 3957 611 4009 durium
630 3955 765 4018 transiret,
793 3957 839 4006 sed
858 3959 1025 4022 exspectaret
1045 3950 1123 4002 etiam
1141 3947 1210 3998 reli-

111 4041 191 4092 quum
212 4028 368 4091 exercitum,
389 4037 468 4098 atque
487 4037 532 4080 aut
552 4026 686 4079 emolliret
699 4026 838 4078 barbarum
848 4027 985 4094 promissis
1003 4020 1147 4083 dilatando,
1166 4026 1212 4070 aut

110 4102 305 4166 mansgressum
328 4115 361 4150 ex
378 4110 459 4166 ponte
479 4102 617 4168 exciperet
634 4101 800 4165 imparatum,
819 4105 864 4150 aut
882 4105 943 4165 post
953 4094 1094 4148 adventum
1113 4090 1211 4160 reliqui

112 4169 245 4223 exercitus
265 4172 367 4225 maiore
387 4188 445 4225 cum
464 4180 591 4241 apparatu
610 4170 672 4223 hnic
685 4170 835 4223 obveniret.
872 4169 895 4223 is
915 4175 1001 4222 autem
1019 4164 1145 4237 neglecto
1159 4161 1209 4214 hoc
