2967 4825
495 176 537 189 ”
584 238 793 324 norom.
1156 229 1226 311 οιι

126 409 164 472 δὲ
186 409 261 471 δτία
284 406 452 491 ἀντίληψις
473 398 577 487 ἄλλως
598 410 704 487 αὐτοῖς
727 413 862 476 διετίθει
883 409 940 497 τὴν
962 409 1109 495 ἔκβασιν·
1151 433 1230 494 προ·

125 507 285 593 σήρχοντο
306 508 369 595 γὰρ
388 514 511 592 μᾶλλον
531 514 576 600 xpi
588 512 796 601 Βοτανειότη,
817 517 871 579 καί
883 510 946 597 τὴν.
960 510 1119 577 δούλωσιν
1132 510 1230 597 ἐπηγ-

124 613 355 693 γέλλοντο,καί
374 619 558 694 συμμαχεῖν
579 611 806 695 ὑπισχνοῦντο,
835 616 890 678 καί
921 616 961 699 τῇ
987 611 1084 701 μοίρᾳ
1115 609 1229 677 τούτου

124 714 314 775 συνέταττον
345 704 490 786 ἓαυτοός.
534 706 603 776 όσοι
625 715 660 776 δὲ
680 710 760 797 πρός
779 710 1056 789 ἀντικαταστόσας
1090 714 1145 775 καί
1163 706 1230 792 μό-

96 817 115 869 5
124 836 188 893 χας
210 807 394 892 ἒτρόποντο,
417 812 493 895 παρ’
516 812 617 875 αὐτοῦ
639 812 692 877 καί
717 814 779 878 τῶν
799 813 891 879 ι’δίων
921 816 1123 900 στρατιωτῶν
1157 808 1230 891 ἑξό-

125 935 194 993 χως
214 906 390 994 ἡττώμενοι
404 908 541 986 πολλοὺς
563 918 621 993 μὲν
644 919 708 977 τεόν
719 917 853 981 ,οἰκείων
877 916 1054 998 α’πὲβαλον,
1079 906 1169 987 ἄλλοι
1193 914 1229 979 δὲ

127 1012 221 1102 φόβφ
240 1016 410 1097 βληθέντες
435 1017 523 1101 φυγῇ
545 1016 604 1100 την
623 1018 787 1102 σωτηρίαν
812 1012 917 1082 αότεδν
946 1012 1227 1099 ε’πρανματεόοντο.

124 1114 238 1179 πολλοί
261 1115 296 1178 δὲ
317 1117 381 1179 τῶν
398 1110 566 1197 Ῥωμαίων
585 1111 814 1203 α’ντικαστῆναι
830 1118 932 1209 τοότιρ
953 1122 1141 1202 θελήσαντες
1166 1114 1229 1181 αό-

123 1224 190 1292 τοῖς
215 1220 381 1303 φρουρίοις
403 1212 559 1282 ἑάλωσαν.

75 1327 141 1388 10,
231 1312 347 1404 Τρίτην
370 1321 405 1383 δὲ
427 1312 553 1403 ἄγοντος
578 1324 634 1385 τοῦ
662 1320 839 1407 όκτωβρίου
859 1320 965 1407 μηνός,
978 1324 1043 1393 ,καί
1061 1322 1258 1407 μέλλοντοςί.
1269 1331 1365 1389 219τι
1397 1381 1404 1393 ,

122 1424 181 1487 τοῦ
205 1418 422 1487 Βοτανειότου
442 1422 499 1504 τὴν
521 1422 691 1506 βασιλικην
723 1426 894 1506 ἐπιστῆσαι
916 1420 1049 1507 σκηνήν,
1073 1420 1129 1485 καί
1148 1419 1230 1487 ταό-

122 1547 182 1605 της
204 1524 415 1607 σκηνοπηγίαν
436 1528 702 1607 προτρεψαμένου
727 1527 875 1607 γενέσθαι
896 1523 950 1587 διό
970 1522 1026 1606 την
1046 1518 1153 1599 ἔξοδον
1174 1526 1230 1588 καί

122 1623 182 1707 την
204 1624 249 1696 τίς
270 1620 331 1706 τήν
346 1622 583 1707 βασιλεύουσαν
602 1622 739 1707 πρόοδον
762 1621 810 1708 (ἐν
832 1620 1020 1717 πεποιθήσει
1042 1620 1102 1709 γόρ
1124 1613 1163 1708 ἦν
1186 1622 1230 1699 cic

124 1723 289 1809 δρομαίως
321 1727 375 1806 τῆς
408 1724 642 1810 βασιλευούσης
672 1726 846 1807 βασιλικῶς
876 1720 1092 1812 ἐπιβήσεται),
1116 1725 1229 1805 θαῦμά

73 1836 110 1888 15
124 1819 157 1891 τι
181 1829 235 1890 καί
256 1828 350 1907 τέρας
370 1829 508 1903 ἐξαίσιον
530 1823 761 1921 ἐνόφθαλμοΐς
785 1823 964 1909 καθωρόθη
987 1827 1121 1891 πόντων.
1166 1816 1230 1889 αό-

123 1938 180 1995 λον
199 1925 261 2013 γὰρ
283 1931 372 2010 πῦρ,
401 1926 443 2002 ὥς
463 1924 525 1990 α’πό
549 1930 657 2010 πηγῆς,
671 1926 849 2009 α’ναβλόζον
876 1927 931 1991 καί
952 1925 1031 2007 πρός
1054 1928 1134 2013 α’ἑρα
1153 1926 1229 2011 χεό.

119 2053 227 2115 μενον,
246 2025 326 2112 πρός
348 2026 404 2111 την
424 2021 506 2092 ἓοόαν
529 2025 688 2112 κατεφάνη
710 2026 784 2110 περί
802 2028 930 2109 προότας
951 2025 1060 2101 νυκτός
1073 2027 1228 2112 φυλακάς,

122 2134 181 2197 καί
201 2122 239 2213 ἢν
271 2128 287 2195 ό
317 2121 380 2211 οἷηρ
403 2131 516 2215 φλογὸς
546 2131 964 2213 καθαροῖςπεπλησμὲνος,
991 2130 1046 2191 καί
1067 2130 1174 2213 φέρων
1193 2110 1227 2193 τό

120 2237 184 2298 τοῦ
205 2230 307 2315 πυρός
332 2230 438 2314 ῥεῦμα
461 2235 557 2317 μέχρι
580 2228 787 2313 Χαλκηδόνος
811 2229 866 2292 καί
877 2225 1114 2309 Χρυσοπόλεως
1128 2252 1229 2293 κατα-

68 2330 292 2420 λθπληκτικόν
312 2334 368 2396 καί
384 2331 456 2397 λίαν
479 2326 662 2417 ὑπερφυές·
706 2328 834 2394 οόδέπω
854 2324 915 2411 νόρ
940 2328 1046 2403 ου’δείς
1076 2324 1140 2392 εἶδε
1164 2330 1228 2416 πόρ

121 2431 223 2505 αόλον
242 2435 296 2521 {pl
315 2436 371 2520 γῆς
392 2431 436 2511 οός
459 2431 521 2498 α’πό
540 2434 639 2517 πηγῆς
662 2431 842 2514 α’ναβλόζον
856 2429 910 2494 καί
922 2429 957 2495 τό
972 2434 1119 2513 περιέχον
1142 2426 1229 2496 όίπαν

119 2543 282 2625 ἐκπυροῦν
311 2541 365 2602 καί
386 2537 658 2619 α’ποσπινδηρίζον
687 2533 749 2614 οόχ
775 2526 920 2616 ἥκιστα·
954 2529 1015 2595 α’πὸ
1038 2535 1073 2595 δὲ
1095 2534 1228 2616 Χρυσο-

117 2627 245 2719 πόλεως
267 2640 324 2706 τόν
354 2641 412 2705 τοῦ
433 2631 709 2720 στενοῦπορθμδν
736 2633 952 2719 ὑπερβεβηκὸς
981 2633 1026 2719 πῇ
1046 2635 1106 2714 μὲν
1127 2628 1168 2696 τό
1192 2634 1227 2698 ἐν

157 2830 162 2834 ·
198 2803 260 2860 οίδε
277 2803 308 2857 0.

119 2962 223 3024 torque
240 2952 351 3016 luteae,
370 2948 488 3002 divinum
508 2956 597 3000 autem
614 2945 777 3015 praesidium
792 2942 871 2998 aliter
889 2946 922 2998 iis
941 2943 1099 3014 disponebat
1118 2945 1226 2998 exitum.

120 3027 291 3081 accedebant
314 3024 391 3074 ¹enim
410 3021 494 3088 magis
514 3021 670 3073 Botaniatae
698 3027 725 3069 et
751 3019 906 3070 servitutem
927 3017 1116 3084 promittebant
1135 3026 1162 3068 et
1180 3032 1228 3069 so.

120 3105 252 3154 cietatem
270 3110 377 3164 pugnae
395 3092 591 3161 pollicebantur
609 3099 636 3141 et
654 3089 732 3140 huius
752 3089 820 3156 parti
839 3104 869 3140 se
887 3088 1074 3157 adiungebant.
1112 3090 1228 3156 quicun.
1319 3145 1324 3152 1

121 3188 179 3243 que
198 3178 286 3222 autem
310 3161 344 3219 ad
371 3166 455 3217 aciem
477 3172 503 3214 et
523 3178 678 3231 pugnasse
697 3161 853 3224 vertebant,
877 3159 909 3210 ab
938 3175 969 3210 eo
990 3169 1022 3224 et
1036 3161 1091 3211 suis
1109 3161 1228 3226 ipsorum

119 3243 255 3297 militibus
275 3240 372 3293 eximie
390 3237 489 3289 devicti
508 3235 605 3286 multos
618 3247 724 3285 suorum
739 3233 898 3283 amiserunt:
918 3230 965 3282 alii
984 3239 1072 3281 autem
1090 3238 1162 3280 metu
1180 3229 1228 3281 icti

119 3319 191 3384 fuga
209 3313 321 3367 salutem
349 3324 422 3361 suam
442 3304 582 3358 curabante
608 3304 685 3356 multi
710 3312 799 3355 autem
817 3303 928 3356 Romani
947 3303 1074 3354 resistere
1094 3301 1155 3352 buic
1175 3316 1228 3353 vo.

118 3390 212 3440 lentes
231 3375 290 3436 cum
308 3383 375 3450 ipsis
394 3378 514 3431 castellis
533 3378 603 3444 eapti
623 3385 693 3429 sunt.

213 3475 341 3527 'Tertium
369 3478 456 3522 autem
482 3468 552 3520 diem
570 3474 668 3534 agente
684 3464 795 3519 Octobri
813 3481 904 3517 mense
931 3480 990 3516 cum
1007 3463 1161 3517 Botauiates
1180 3478 1227 3514 re.

120 3553 199 3622 gium
226 3544 371 3598 ascendere
399 3541 487 3594 vellet
512 3539 655 3592 tentorium
684 3546 710 3588 et
734 3537 813 3590 buius
846 3536 1042 3588 conlectionem
1070 3536 1228 3600 imperasset
1309 3554 1316 3567 r

119 3630 235 3693 propter
255 3618 354 3669 exitum
372 3623 399 3665 et
411 3613 629 3680 prosecutionem
647 3608 679 3659 ad
692 3611 792 3677 regiam
807 3608 971 3677 (confidebat
989 3608 1060 3676 „enim
1078 3622 1107 3658 se
1126 3605 1228 3657 celeri..

120 3706 167 3748 ter
186 3693 287 3760 reglum
305 3688 381 3755 regio
401 3686 479 3737 modo
498 3683 680 3752 ingressurum
697 3685 785 3749 esse),'
801 3680 957 3732 miraculum
978 3687 1004 3730 et
1015 3678 1164 3746 prodigium
1183 3677 1228 3728 in.
1264 3733 1267 3736 ,

122 3781 194 3837 gens
213 3762 299 3814 oculis
320 3755 534 3825 conspiciebatur
554 3756 684 3804 omniumt
704 3753 832 3804 materiae
852 3754 921 3804 enim
946 3765 1042 3818 expers
1063 3750 1133 3817 ignis
1153 3747 1229 3816 quasi

111 3847 162 3891 ‘ex
182 3837 256 3893 [oute
286 3828 431 3899 prosiliens
455 3834 481 3877 et
499 3827 527 3877 in
547 3831 609 3876 aera
630 3824 729 3874 ellusus
747 3839 841 3877 versus
861 3826 992 3876 orientem
1018 3821 1139 3888 apparuit
1157 3821 1229 3871 circa

122 3911 225 3978 primas
244 3904 330 3957 noctis
358 3899 482 3968 vigilias:
502 3905 581 3965 atque
602 3902 659 3947 erat
679 3900 725 3945 aer
750 3893 851 3946 llamma
877 3911 942 3961 pura
961 3891 1085 3959 impletus
1107 3898 1133 3941 et
1153 3890 1228 3942 lere.

122 3984 173 4035 bat
191 3979 261 4048 iguis
283 3988 385 4026 omnem
406 3985 490 4038 usque
516 3969 549 4020 ad
568 3966 766 4021 chalcedonem
791 3974 818 4016 et
837 3964 1016 4030 Chrysopoliu
1035 3959 1182 4013 terribilem
1202 3970 1229 4012 et

123 4051 206 4107 valde
225 4052 377 4118 ingentemz
405 4041 522 4093 nondum
547 4040 617 4091 euim
636 4039 774 4106 quisquam
795 4036 899 4087 viderat
923 4037 1013 4102 ignem
1031 4033 1158 4084 materiae
1179 4047 1228 4084 ex-

123 4131 229 4195 pertem
248 4122 275 4170 in
294 4128 366 4171 terro
385 4114 462 4184 quasi
483 4128 516 4163 ex
529 4111 603 4163 fonte
620 4107 816 4178 prosilientem,
838 4107 963 4158 etomnia
980 4120 1048 4174 quae
1060 4106 1133 4156 circa
1154 4110 1229 4156 eraut

122 4195 315 4252 incendentem
337 4197 417 4268 atque
445 4183 578 4253 igniculos
598 4188 764 4235 evomentem
789 4193 842 4230 non
866 4178 982 4230 minime.
1025 4193 1041 4228 a
1067 4173 1228 4244 Chrysopoli

180 4291 265 4348 utet.
282 4285 366 4341 Anat.
386 4284 454 4339 flor.
960 4271 963 4276 ’
1002 4271 1035 4326 16
