2967 4825
354 224 366 268 l

548 275 766 349 matuatus
892 294 922 314 ‘=
1148 268 1202 348 ta

100 438 242 503 εἰσέλθοι
259 436 316 521 τής
335 436 428 523 δκοής
441 436 550 525 αδτοδ,
563 447 720 523 τιμωρίαν
733 440 821 529 αδτιή
835 438 986 524 μεγίστην
995 442 1050 509 καί
1063 438 1206 506 θύνατον

100 538 289 623 εἰιιτιθησιν.
311 539 464 623 κέχρηται
480 540 516 605 δὲ
527 544 565 627 τῇ
583 536 650 624 ῥινί
666 534 727 607 ὅσα
739 539 795 605 καί
808 544 909 625 χειρί·
929 538 996 606 ἔστι
1011 539 1074 626 γύρ
1091 538 1127 607 τύ
1141 545 1217 625 μή·-

101 660 154 715 κος
168 636 251 726 αύιή
265 635 344 703 κατα
360 638 530 725 σάλπιγγα,
554 642 609 705 καί
629 644 672 705 δι’
685 641 782 725 αύτής
799 639 885 707 δπαν
900 632 1036 725 ἐνεργεῖ*
1060 643 1095 729 τὸ
1115 639 1207 707 διδύ-

102 761 200 819 μενον
221 740 275 805 καί
290 746 354 815 τοϊς
373 738 452 806 κατιὶ
474 742 558 807 νῶτα
572 743 763 825 καθημένοις
785 742 968 826 ήνιοχούοιν
985 740 1085 809 αύτύν
1098 743 1209 809 α’ναδί-

77 842 192 921 steca,
209 839 265 905 καί
284 838 340 927 τήν
360 842 702 928 conclamatissimum
717 848 762 932 τῷ
779 842 925 927 στόματι,
946 841 1001 910 καί
1020 837 1116 909 ὅπλον
1137 846 1206 909 κατ’

102 936 231 1023 ἑχθροδν
253 936 321 1025 ἔχει
345 940 400 1007 καί
413 936 610 1027 ἀμυντήριον
630 938 806 1027 δύσμαχον.
849 942 964 1027 λα’ροις
986 946 1022 1010 δέ
1044 944 1205 1019 παντοίοις

99 1036 120 1125 ή
139 1050 282 1124 χαλινοῖς
303 1043 365 1126 ούχ
386 1042 517 1129 ύιτείκει,
538 1042 608 1109 ἀλλ’
628 1043 648 1128 ή
665 1041 815 1130 αἴσθησις
834 1047 923 1131 αύτῷ
942 1050 999 1110 τοῦ
1021 1053 1121 1111 ποιεῖν
1144 1039 1203 1110 ὅσα

98 1150 162 1219 τοῖς
186 1142 348 1228 ήνιοχούοι
368 1145 584 1231 βεβούλευται,
604 1144 736 1222 πέλεκύς
761 1150 830 1211 ε’στι
846 1146 925 1212 κατὰ
948 1152 1081 1228 κρανίου
1102 1145 1203 1233 φερό-

95 1267 201 1326 μενος.
239 1244 368 1337 χρόνοις
388 1248 424 1311 δέ
448 1253 574 1323 πολλοῖς
602 1245 858 1335 κυοφορούμενος
891 1252 984 1334 (δέκα
1007 1246 1067 1333 γύρ
1090 1252 1203 1314 ε’νιαυ-
1217 1265 1235 1317 t.
1251 1264 1340 1323 libr.

58 1352 163 1421 1οτοἴς
186 1348 227 1435 τῇ
247 1348 377 1437 μητρῴρ
399 1348 491 1433 νηδύι
523 1348 730 1434 καλύπτεται)
756 1349 811 1434 τήν
831 1353 896 1415 τοδν
923 1349 1027 1416 δστοῖν
1046 1351 1202 1433 ἁρμονίαν
1249 1381 1257 1386 ·

97 1445 238 1533 σκληρὰν
259 1446 314 1513 καί
333 1442 481 1531 ἄτεγκτον
496 1448 574 1532 πρὸς
589 1443 773 1530 ,σύμπτυξιν
790 1450 1006 1517 α’ποδείκννοι.
1029 1449 1082 1516 διδ
1108 1455 1200 1517 τούτο

95 1546 151 1612 καί
171 1550 216 1624 εἰς
236 1548 294 1631 γήν
316 1552 546 1635 κατακλιθῆναι
568 1550 730 1641 δδυνατεῖ,
749 1551 796 1633 μή
820 1541 886 1627 οἶός
906 1574 939 1616 τε
961 1545 1008 1616 σύν
1028 1549 1067 1617 τδ
1089 1546 1199 1637 ύρθρα

94 1652 157 1717 ταῖν
180 1651 286 1715 ποδῶν
304 1658 391 1731 Υταῖς
422 1649 588 1734 ἁρμονίαις
617 1648 753 1730 συνάξει
781 1656 839 1716 καί
867 1661 1083 1737 περιαγαγεῖν.
1128 1652 1202 1717 δντί

95 1754 132 1817 δέ
155 1748 367 1829 κατακλίσεως
388 1748 446 1835 τήν
468 1753 513 1827 εἰς
535 1742 666 1837 δένδρον
688 1747 710 1836 ή
729 1759 951 1840 χειροποίητον
973 1754 1068 1831 ξύλον
1090 1745 1111 1838 ή
1131 1762 1201 1820 τοϊ-

52 1848 87 1918 ld
92 1876 154 1937 χον
179 1850 259 1919 κατὰ
292 1854 371 1936 μίαν
400 1852 543 1939 πλευρδν
572 1862 708 1925 ποιεῖται
723 1857 917 1939 ίπίκλιοιν,
950 1849 1059 1941 ὄρθιος
1078 1854 1201 1928 τούτοις

94 1952 338 2039 ἐπερειδόμενος
359 1952 468 2035 μόνον.
837 2011 841 2014 ,

195 2054 263 2125 Ἐπί
282 2051 383 2143 τούτῳ
404 2057 448 2141 τῷ
473 2054 542 2143 ζύῳ
566 2058 620 2120 καί
641 2052 699 2138 τήν
727 2059 896 2140 λεγομένην
917 2054 1200 2140 καμηλοπάρδαλιν

93 2160 128 2235 ἐξ
156 2156 324 2242 Αἰγύπτου
362 2160 567 2242 πεμφθεῖσαν
603 2155 691 2244 αύτῷ
724 2151 791 2234 τοῖς
827 2155 970 2232 πολίταις
1000 2150 1017 2218 δ
1048 2152 1202 2238 βασιλεύς

92 2260 338 2339 καθυσέδειξεν·
389 2254 457 2323 ἔστι
489 2258 524 2321 δὲ
567 2262 622 2325 καί
660 2250 742 2342 ούτη
779 2256 858 2322 κατὰ
886 2254 920 2322 τύ
952 2250 1053 2338 ὄνομα
1083 2254 1202 2323 σύνθε-

51 2372 166 2444 totae,
189 2362 325 2448 φολίδας
356 2360 415 2441 μὲν
444 2358 632 2443 παρδάλεως
661 2355 800 2443 ἔχουσα,
823 2355 967 2442 καμήλου
1001 2359 1037 2425 δὲ
1065 2359 1202 2441 μέγεθος

93 2459 158 2562 σύν
191 2464 231 2550 τῇ
252 2464 378 2548 κεφαλῇ
395 2453 453 2526 ’καί
471 2462 514 2546 τῷ
536 2461 760 2549 ἀποτεταμένα
791 2458 847 2546 καί
866 2462 969 2546 λεπτῷ
999 2460 1056 2524 τού
1077 2461 1202 2544 τραχή-
1260 2457 1266 2464 ’
1344 2447 1349 2454 ’

94 2569 174 2650 λου,
213 2557 390 2648 πλήν.ύσον
413 2559 462 2628 δτι
493 2557 509 2625 δ
541 2565 698 2648 τράχηλος
730 2562 811 2651 αύτῇ
846 2553 957 2646 ὄρθιος
987 2555 1033 2626 σ”ν
1067 2559 1130 2643 ούχ
1159 2560 1203 2636 οδς

93 2669 169 2756 τῆς
186 2663 329 2751 καμήλου
364 2667 532 2752 πεποιήται
561 2661 809 2747 καμπυλύτατος.
868 2663 938 2728 ἀλλ’
964 2652 1037 2728 ούτε
1067 2663 1140 2748 περί
1161 2662 1201 2746 ,τὸ

95 2985 191 3056 gitude
213 2983 238 3034 ei
256 2982 386 3034 buccinae
404 2981 504 3044 instar,
534 2987 560 3031 et
581 2994 614 3032 ea
634 2993 712 3038 omne
730 2986 840 3043 tractat3
859 2979 946 3032 datum
966 2985 995 3030 et
1011 2979 1039 3030 in
1058 2986 1136 3046 terge
1154 2993 1200 3031 se.

94 3057 240 3118 dentibus,
266 3055 312 3124 qui
342 3068 401 3104 cam
419 3060 534 3120 regunt,
555 3051 687 3119 porrigit,
716 3059 743 3103 et
761 3051 848 3104 cibum
872 3051 986 3104 admittit
1003 3050 1054 3114 cri,
1073 3057 1101 3100 et
1118 3049 1201 3102 telum

94 3135 191 3181 centra
208 3126 301 3178 hostes
323 3124 404 3177 babet
423 3132 449 3175 et
467 3123 627 3190 praesidium
646 3122 785 3174 invictum.
811 3121 877 3174 loris
905 3130 992 3174 autem
1015 3120 1137 3173 omuibus
1156 3129 1201 3173 aut
1285 3161 1297 3185 ρ

94 3201 180 3253 frenis
197 3212 251 3250 uun
271 3197 358 3260 cedit,
388 3195 435 3248 sed
463 3209 557 3247 seusus
578 3194 603 3245 ei
622 3191 738 3260 faciendi
764 3209 832 3260 quae
859 3193 1013 3260 regentibus
1031 3192 1201 3260 placuerunt,

28 3309 33 3320 .
93 3273 199 3324 securis
219 3277 260 3321 est
279 3277 372 3320 contra
394 3267 525 3319 verticem
543 3273 610 3317 acta.
631 3279 716 3316 annes
745 3271 834 3315 autem
851 3263 948 3315 multos
969 3265 998 3315 iu
1016 3266 1112 3315 ventre
1130 3264 1199 3315 latua

95 3347 161 3412 (per
180 3343 274 3394 decem
294 3342 364 3391 enim
383 3353 466 3391 anuos
485 3338 577 3389 matris
592 3344 682 3388 -utere
712 3335 844 3404 velatur),
865 3335 964 3389 ossium
983 3337 1200 3386 coniunctionem

92 3417 187 3468 duram
215 3421 242 3464 et
268 3413 367 3463 firmam
399 3410 469 3478 quod
487 3410 521 3462 ad
539 3407 750 3475 componendum
775 3408 877 3470 attinet,
893 3406 1018 3458 ostendit.
1056 3413 1200 3471 prepterea

93 3489 177 3543 etiam
194 3487 223 3536 iu
241 3491 338 3536 terram
359 3479 532 3534 succumbere
550 3494 605 3538 nen
624 3486 722 3546 potest,
745 3494 804 3530 cum
819 3493 873 3530 nou
893 3476 985 3530 valeat
1001 3476 1128 3528 articulos
1147 3491 1199 3542 pe.

91 3560 156 3610 dum
175 3557 305 3608 iuncturis
334 3567 495 3618 componere
519 3559 546 3601 et
572 3551 780 3602 circumducere.
824 3565 872 3616 φιο
897 3548 1093 3601 succumbendo
1116 3548 1199 3599 iucli.

90 3631 230 3682 uaticuem
258 3626 290 3678 ad
314 3624 435 3676 arborem
456 3630 501 3674 aut
526 3621 721 3673 manufactum
741 3621 846 3688 liguum
873 3629 918 3672 aut
936 3621 1065 3688 parietem
1083 3634 1136 3671 uuo
1155 3618 1199 3670 la.

91 3711 153 3754 tere
172 3700 246 3763 facit,
269 3703 373 3750 erectus
393 3697 420 3746 in
440 3692 485 3767 his
500 3709 537 3768 se¹
550 3693 666 3744 fulciens
686 3690 781 3743 solum.

106 3811 108 3816 v
194 3787 301 3840 Praeter
320 3784 371 3836 hcc
390 3781 487 3834 animal
508 3781 586 3832 etiam
610 3782 649 3832 sic
668 3780 766 3832 dietam
784 3776 1016 3845 camelopardalim
1029 3778 1197 3846 eergypte

91 3862 201 3913 missam
223 3857 275 3910 sibi
294 3855 399 3908 civibus
417 3869 467 3904 rex
479 3853 609 3915 ostendit3
629 3860 669 3904 eet
687 3857 775 3903 autem
792 3851 871 3901 etiam
893 3849 960 3901 haec
978 3849 1124 3900 secuudum
1142 3862 1195 3899 ue.

91 3947 156 3984 meu
174 3930 330 3997 composita,
351 3925 466 3978 maculas
487 3923 602 3991 pardalis
625 3922 740 3984 babens,
769 3919 872 3971 cameli
884 3927 972 3985 autera
989 3900 1197 3988 magnitudin&

92 4012 120 4056 et
141 4002 239 4055 collum
260 4009 287 4052 et
307 3999 450 4050 abscissam
479 4004 506 4046 et
529 4005 636 4048 tenuem
654 4001 774 4044 naturam
793 3990 859 4042 colli
888 3991 941 4060 uisi
960 3991 1030 4058 qued
1051 3989 1149 4041 collum
1170 3991 1197 4040 ei

92 4083 212 4127 erectum
236 4087 290 4124 neu
316 4079 346 4121 ut
365 4068 460 4120 cameli
487 4067 585 4118 lactum
610 4074 650 4118 est
676 4065 755 4116 nimis
776 4069 914 4115 curvatum
942 4063 1041 4114 sedne
1060 4063 1087 4112 iu
1106 4062 1194 4113 medio

91 4147 198 4216 quidem
216 4145 296 4201 derso
316 4141 448 4193 curvitate
467 4139 580 4202 excedit,
604 4135 684 4189 simili
703 4143 791 4186 autem
810 4134 888 4184 mode
906 4133 1081 4184 directionem
1099 4133 1194 4184 iudea
1306 4130 1310 4138 '

91 4219 172 4271 dorse
193 4231 277 4284 usque
298 4214 331 4265 ad
346 4212 454 4264 caudam
472 4218 563 4274 tenet,
586 4224 640 4262 ucu
670 4214 758 4262 autem
777 4220 863 4274 aeque
881 4204 1032 4270 altitudine,
1051 4220 1111 4260 aaut
1129 4204 1194 4257 der.

129 4328 234 4419 &utet
254 4325 341 4382 λιιιλ
361 4325 428 4380 λιιι.
611 4350 615 4356 -
993 4316 1012 4374 4
