2967 4825
368 364 377 374 .
426 280 429 288 ·
473 282 497 310 ··
550 280 805 351 nummu
1078 266 1081 277 '
1138 286 1207 357 ur

108 444 202 523 Ἀζάς
236 448 311 525 μεθ
341 438 416 528 όλης
438 447 495 529 τῆς
513 448 667 528 στρατιάς
696 448 752 536 ταί
773 449 828 530 τῆς
858 448 1038 532 α’ποσιιευής
1058 452 1210 535 προσηνέ-

106 549 183 630 χθη,
205 541 380 625 μανθάνων
400 544 487 630 παρά
510 548 604 610 τινῶν
625 539 677 610 ότι
700 540 838 631 εόυδρός
868 552 951 611 ἐστιν
974 544 1106 623 ότόπσς
1126 552 1212 615 έκεῖ-

108 670 159 724 νος
180 646 236 710 ταὶ
256 644 365 721 ἱκανός
385 653 534 731 χορηγεῖν
560 648 699 737 τουοότφ
722 650 928 737 στρατοπέδῳ
960 652 1132 730 δαψίλειαν
1150 654 1209 714 τοῦ

106 744 312 831 όδρεόεοθαι.
363 747 407 824 οός
435 749 470 813 δέ
500 753 709 831 προοεγχάτας
737 749 823 837 adripi
854 752 927 813 ου’δέ
958 755 1031 813 καθ’
1060 748 1209 834 ήμίσειαν
1233 738 1238 751 ’ἱ

76 845 199 927 ὅτόξου
217 845 316 930 βολήν
337 845 555 931 ἐρυμνότατον
574 871 608 913 τε
633 842 725 929 εἶδεν,
754 850 803 913 ἐπ’
825 850 1003 935 ἀκρωρείας
1023 853 1081 916 τοῦ
1102 847 1205 937 λόφου

105 942 270 1027 ἱστάμενον
303 950 359 1012 καί
393 950 512 1030 τείχεσι
542 948 665 1023 διπλοῖς
703 951 953 1033 περιεζωσμένον
989 954 1044 1014 καί
1075 952 1206 1034 πέτραις
1215 954 1235 1011 ί.
1250 956 1302 1013 190
1311 969 1341 1013 τ.

103 1042 210 1131 οόσπερ
237 1046 469 1134 χειροποιήτοις
500 1053 745 1134 γεγομφοομένον
775 1048 830 1113 καί
861 1054 983 1138 λιθίνην
1012 1050 1066 1137 τήν
1089 1044 1205 1117 ciendos

103 1145 180 1231 πρὸς
198 1144 257 1231 τήν
278 1145 381 1232 πάλην
404 1146 653 1235 ἀποφερόμενον,
674 1148 794 1239 μιαρόνι
807 1174 841 1215 τε
861 1148 949 1235 ὕδωρ
973 1152 1128 1244 όπορρέον
1148 1153 1204 1217 έκ-
1226 1193 1229 1200 -

101 1254 189 1314 εῖθεν
208 1248 264 1315 καί
283 1248 328 1335 μή
352 1247 527 1332 δυνάμενον
548 1246 624 1316 ὅσον
645 1251 724 1337 πρός
735 1244 900 1335 χιλιοστόν
920 1257 1017 1337 μέρος
1031 1257 1091 1317 τοῦ
1104 1277 1204 1341 στρα-

54 1351 162 1416 torosi
184 1354 336 1439 ἐξαρκεῖν,
353 1356 478 1436 α’πέγνοο
502 1350 559 1438 τήν
579 1358 680 1419 ἐκεῖσε
707 1353 965 1436 στρατοπεδείαν,
989 1354 1042 1419 καί
1065 1354 1206 1435 άναζεό-

100 1457 155 1533 ξας
176 1452 298 1519 ε’τιεῖθεν
317 1456 362 1531 εἰς
384 1454 477 1519 τόπον
495 1455 629 1540 ἐπήξατο
645 1454 701 1541 τήν
713 1453 928 1543 παρεμβολήν,
950 1454 1029 1521 ἔνθα
1054 1453 1088 1520 τό
1107 1453 1201 1541 ὕδωρ

99 1556 324 1642 α’φθανοότερον
355 1554 434 1640 ἔρεε.
469 1552 699 1643 Ιδιασιωπήσας
720 1551 778 1621 σόν
801 1558 844 1633 τός
878 1558 937 1621 οὐκ
960 1553 1093 1623 εὔθετόν
1118 1562 1202 1631 ἐστιν

98 1660 132 1724 εἰι
163 1655 377 1742 διαστήματος
408 1660 561 1725 τοσοότου
596 1663 763 1744 προσιέναι
792 1665 832 1748 τῇ
862 1657 951 1725 πόλει
980 1661 1034 1723 καί
1054 1656 1203 1745 μηχανάς

97 1759 268 1844 ε’φιστάνοιι
289 1760 439 1846 (φθάνειν
461 1758 523 1846 γάρ
548 1758 603 1843 τήν
623 1759 731 1840 νόκεα,
756 1760 809 1825 καί
827 1765 956 1827 δεῖσθαι
985 1762 1201 1843 μετανομιδής

50 1871 87 1923 15
96 1859 204 1923 αότοόν
220 1862 264 1934 είς
287 1860 342 1923 τόν
366 1858 520 1947 χάρακα,
552 1860 604 1926 ἴνα
634 1858 678 1947 μή
708 1865 911 1947 πυρίααυστα
943 1869 1008 1934 τοῖς
1039 1865 1200 1938 πολεμίοις

95 1956 251 2041 ἱστάμενα
285 1967 456 2049 γίνοιντο),
476 1948 539 2028 ’τόν
560 1988 593 2028 τε
613 1967 758 2047 χειμῶνα
788 1967 861 2048 περί
893 1961 998 2044 άεμήν
1024 1954 1199 2043 ἐρχόμενον

95 2063 245 2146 καθαράν
266 2065 321 2127 καί
344 2061 418 2139 τεός
452 2068 610 2139 έναντιλιυς
639 2066 908 2148 περικεχυμένους
935 2057 987 2125 det
1018 2057 1199 2153 τῷθόρρει

92 2166 148 2247 τῆς
167 2167 232 2227 τεόν
253 2167 357 2230 ἳππων
389 2169 423 2231 έν
452 2171 497 2254 τῷ
515 2172 585 2232 θεῖν
608 2167 732 2251 α’ρετής,
755 2164 895 2239 ἀναστάς
925 2162 1046 2229 ἐκεῖθεν
1070 2156 1199 2245 ὥρμησε

93 2265 174 2350 πρός
202 2266 239 2332 τά
264 2270 319 2351 τῆς
347 2268 557 2344 Λόσονίτιδος
579 2263 661 2350 όρια.
712 2270 767 2330 καί
795 2263 1000 2351 πυρπολήσας
1025 2260 1146 2347 χοιρίον
1167 2282 1200 2321 τι

91 2477 190 2553 μένον
210 2474 245 2537 ἐκ
265 2474 424 2554 παλαιοῦ,
449 2474 495 2546 εἰς
516 2470 623 2556 ἕτερον
642 2476 763 2556 χωρίου
789 2473 942 2536 κατέλυσε
969 2470 1117 2550 Τερχαλά
1138 2490 1198 2530 νοι-

90 2571 357 2656 τσνομαζόμενον,
381 2572 460 2640 ἔνθα
480 2566 670 2656 κοπτομένου
692 2577 750 2638 τοῦ
770 2573 923 2658 χάρακος,
946 2573 1001 2635 καί
1022 2570 1079 2634 τοῦ
1099 2551 1216 2651 βαᾶνιΙ

90 2676 173 2750 ἱέως
204 2675 253 2739 ἔπ’
275 2669 377 2762 ὄχθης
398 2673 568 2759 ἱσταμένου
591 2672 675 2744 κατά,
703 2672 738 2740 τό
760 2667 882 2775 δεξρόν,
904 2674 960 2736 κατ’
980 2673 1197 2755 προαστῐιζου.

86 3001 179 3056 pugna
197 2986 309 3040 vincens
327 3001 419 3039 rursus
438 2986 540 3050 hostes,
559 2985 592 3037 ad
614 2984 753 3038 castellum
771 2987 846 3038 Azan
867 3000 926 3036 cum
943 2991 1001 3036 toto
1023 2984 1142 3035 exercitu
1169 2992 1197 3035 et

85 3059 286 3127 impedimentis
306 3059 429 3124 accessit,
451 3059 596 3112 audiensa
623 3056 787 3126 quibusdam,
808 3059 965 3109 instructum
984 3071 1052 3125 aqua
1072 3070 1131 3107 esse
1151 3053 1196 3105 lo.

86 3147 147 3182 cum
167 3129 244 3183 illurn
265 3138 291 3181 et
311 3131 436 3183 sulficere
454 3131 487 3181 ed
505 3130 698 3182 conciliandam
717 3137 791 3179 tanto
811 3129 941 3179 exercitui
960 3129 1062 3193 copiam
1088 3141 1195 3194 aquae:

86 3219 147 3253 cum
168 3211 255 3253 nutem
275 3204 491 3270 appropinquans
511 3204 589 3254 eine
608 3203 641 3252 ad
659 3201 793 3251 dimidium
814 3200 919 3268 quidem
947 3213 1024 3250 arcus
1053 3199 1149 3248 iactum
1169 3203 1196 3247 et

84 3275 265 3327 firmissimum
283 3274 389 3325 videret
408 3290 467 3325 eum
487 3276 515 3324 in
546 3273 624 3325 collis
649 3273 756 3324 vertice
780 3273 857 3322 sitnm
886 3279 913 3321 et
937 3271 1019 3320 muris
1044 3267 1195 3335 duplicibus

85 3348 206 3398 cinctum
227 3353 254 3395 et
271 3347 342 3401 sanis
362 3345 438 3417 quasi
459 3361 537 3397 manu
558 3347 635 3398 lactis
653 3347 780 3408 iunctum,
793 3352 819 3394 et
832 3343 970 3393 ducentem
982 3339 1114 3406 lapideam
1124 3340 1195 3390 riam

84 3419 118 3469 ed
138 3425 261 3485 portam,
281 3426 308 3468 et
325 3433 416 3486 parum
434 3433 520 3485 aquae
539 3420 601 3470 inde
622 3417 732 3469 effluere
763 3429 851 3482 neque
881 3429 961 3481 posse
989 3411 1114 3464 sulficere
1143 3410 1189 3460 vel

82 3489 247 3542 millesimae
269 3492 402 3542 exercitus
422 3491 500 3557 parti,
520 3493 610 3544 omisit
628 3491 664 3541 ibi
675 3489 926 3539 commorationem:
939 3483 1112 3552 etprolectus
1130 3481 1193 3533 inde

82 3563 119 3614 ad
138 3561 227 3614 locum
246 3564 335 3630 posuit
355 3571 458 3626 castra,
477 3563 523 3612 ubi
544 3577 612 3631 aque
633 3562 769 3630 copiosius
795 3559 901 3611 fluebat.
945 3571 1112 3626 cognoscens
1136 3554 1192 3622 igi.

82 3644 139 3698 tur,
161 3648 217 3684 non
237 3650 297 3686 esse
317 3641 494 3701 opportunum
514 3652 547 3686 ex
565 3633 710 3687 intervallo
731 3641 805 3683 tanto
832 3631 960 3682 secedere
986 3629 1018 3679 ed
1044 3627 1136 3678 urbem
1166 3634 1193 3677 et

80 3705 229 3760 machinas.
245 3720 383 3774 opponere
401 3739 435 3748 -
454 3709 631 3773 supervenire
653 3707 722 3757 enirn
740 3712 846 3755 noctem
873 3712 899 3754 et
923 3716 989 3769 opus
1020 3714 1080 3752 esse
1107 3698 1192 3750 addu-

82 3794 150 3830 cere
171 3792 218 3829 eos
238 3778 270 3828 ad
289 3777 399 3841 vellum,
418 3794 453 3829 ne
472 3779 678 3830 incenderentur
703 3776 824 3828 hostibus
850 3775 998 3842 expositae,
1027 3779 1053 3823 et
1078 3772 1192 3822 hiemem

82 3850 243 3902 acerrimam
262 3850 449 3902 advenientem
469 3852 611 3904 videns‘et
630 3849 721 3901 hostes
741 3850 843 3899 cinctos
864 3862 968 3912 semper
987 3845 1083 3896 fidncia
1103 3843 1191 3893 virtu.

80 3922 119 3974 tis
131 3923 159 3972 in
172 3922 301 3972 currendo
313 3920 450 3990 equorum,
470 3937 581 3992 surgens
596 3923 658 3974 inde
670 3921 806 3988 profectus
823 3927 873 3981 est,
890 3919 922 3970 ad
931 3915 1096 3970 Ausonitidis
1107 3915 1190 3965 lines:

81 4002 112 4044 et
130 3994 196 4059 igne
216 3992 356 4045 devastans
376 3993 464 4044 locum
490 3995 618 4062 qnondam
638 3993 787 4054 maximum,
807 3989 896 4044 Oatma
916 3990 1022 4049 dictum,
1042 3987 1087 4052 qui
1106 3986 1190 4037 Arne.

79 4081 130 4115 rue
152 4064 267 4130 Chalepi
285 4066 419 4117 dedicatus
439 4076 496 4117 erat
515 4084 549 4117 ex
569 4070 677 4136 antiquo
705 4077 843 4135 tempore,
870 4068 902 4119 ad
920 4067 1001 4118 alium
1027 4064 1116 4116 locum
1143 4080 1189 4116 se.

78 4139 170 4188 cessit
187 4135 315 4187 Terchela
333 4138 517 4203 nominatum,
536 4139 582 4190 nbi
604 4140 662 4190 dum
682 4140 805 4191 conditur
824 4139 923 4192 vallum
944 4145 970 4190 et
988 4154 1037 4190 rex
1063 4137 1090 4187 in
1117 4132 1195 4190 colle‘

79 4215 139 4260 stat
157 4209 185 4259 in
205 4208 299 4259 dextro
317 4223 401 4260 cornu
422 4218 449 4261 et
467 4210 499 4262 ud
517 4211 700 4264 defensionem
714 4212 809 4264 adsunt
818 4211 929 4263 militum
940 4210 1046 4262 ordines
1064 4236 1099 4250 -
1121 4219 1188 4260 con.
