2967 4825
251 222 324 302 174
531 154 761 296 xbssCHAIibib
789 216 1050 293 AHALIOTAE

246 420 303 483 την
324 395 487 478 ἐνέβαλεν,
518 393 557 457 οδ
579 392 662 457 πάνυ
682 415 711 458 τι
741 385 922 473 οἷπεχούσης
953 388 1010 469 τῆς
1040 384 1104 447 τῶν
1132 376 1266 479 Tendeba
1289 374 1352 439 πύ-
1382 404 1386 411 ·

249 504 337 575 λαως.
380 494 633 574 δυσδιεξόδευτοι
654 494 685 557 δ’
708 486 795 567 ὄντες
818 494 873 555 καί
893 494 1021 573 τραχεῖς
1055 483 1109 561 καί
1131 480 1275 557 α’νάντεις
1298 478 1354 540 κατ’

255 604 328 664 λίαν
348 593 534 681 στενόπορον
554 591 585 659 οἱ
608 596 851 676 διατειχίζοντες
879 592 942 654 τῶν
964 586 1056 673 δρῶν
1068 587 1199 668 αδχένες
1217 578 1275 665 την
1288 582 1355 644 Κι-

251 700 356 765 λικίαν
376 698 417 761 ου’
438 698 573 782 μετρίαν
592 698 720 760 ἐποίουν
742 696 810 757 οὐδ’
839 685 950 756 εὔοδον
971 692 1015 777 τῷ
1045 687 1166 771 στρατῷ
1187 680 1245 766 την
1267 681 1355 744 εἰσέ-

250 807 369 867 λεοσιν.
413 793 489 863 ὅθεν
509 797 564 861 καί
586 793 621 861 εἴ
639 820 721 873 τινες
747 800 810 861 τιύν
830 793 887 859 τοῦ
910 794 1081 873 Διογένους
1101 783 1157 859 τάς
1177 783 1379 867 δκρωρείαςδ

250 910 416 984 κατεῖχον,
438 883 505 964 καί
533 902 656 980 μᾶλλον
676 894 822 983 ἑκηβόλον
845 896 900 960 καί
923 904 989 970 τοῖς
1010 893 1102 956 ποσίν
1129 887 1354 968 ἐπιβαίνοντες,

251 1004 310 1067 ode
330 996 371 1067 δν
390 1000 538 1085 ἠδυνήθη
569 1000 645 1063 ποτὲ
666 996 702 1062 τά
735 997 793 1063 τού
823 994 1028 1078 Ἀνδρονίκου
1059 987 1274 1074 στρατόπεδον
1298 980 1355 1066 τὴν

251 1106 385 1189 πορείαν
415 1102 469 1167 διά
505 1102 623 1166 τούτων
652 1097 871 1183 ποιήσασθαι,
903 1100 934 1161 εἰ
956 1092 1001 1178 μη
1034 1096 1104 1157 καίι
1120 1091 1242 1173 μᾶλλον
1263 1088 1355 1158 δέους

153 1227 157 1233 ·
251 1206 457 1287 δαειγομύκου
479 1210 545 1277 τοῖς
569 1198 779 1284 στρατιώταις
804 1195 884 1281 πρὸς
906 1194 1010 1299 φυχην
1032 1189 1194 1278 ὥρμησαν.
1238 1185 1355 1253 τούτου

252 1304 289 1368 δδ
311 1306 593 1389 παραμεληθέντος
607 1300 652 1376 εἷς
668 1303 813 1365 κίνδυνον
834 1304 983 1382 περιίστη
1001 1300 1043 1385 τῷ
1058 1298 1190 1380 Διογένη
1211 1288 1249 1355 τά
1271 1286 1356 1371 πρά·
1366 1304 1395 1358 10

251 1428 369 1495 γματα.
391 1403 473 1487 μετά
492 1405 552 1487 γάρ
575 1400 609 1468 so
633 1406 799 1467 κατελθεῖν
818 1402 863 1476 εἰς
885 1396 918 1464 τὸ
941 1398 1048 1463 πεδίον
1068 1392 1121 1461 τδν
1139 1391 1200 1459 σύν
1214 1393 1264 1483 ἢτῷ
1281 1390 1357 1457 Ἀν-

254 1510 386 1595 δρονίκρ
416 1505 556 1590 οτρατύν
591 1499 607 1566 ύ
638 1504 857 1588 Χατατούριος
894 1498 1037 1565 ἐπελθών
1066 1493 1199 1579 πόλεμον
1232 1491 1356 1573 τούτοις

229 1612 453 1693 ,συνέρρηξεα
506 1606 546 1671 ού
577 1606 630 1671 διὰ
661 1607 775 1689 πολλῆς
808 1606 842 1669 δὲ
870 1606 1036 1686 γενομένου
1071 1603 1126 1684 τῆς
1149 1591 1235 1681 σύρας
1258 1595 1358 1659 edred

255 1709 299 1785 ὥς
320 1701 361 1774 ύν
381 1710 443 1774 τῶν
458 1703 645 1791 Ῥωμαϊκῶν
665 1702 834 1787 δυνάμεων
855 1707 897 1791 τῷ
921 1726 955 1768 τε
972 1700 1102 1786 -πληθει
1127 1699 1184 1763 καί
1201 1699 1243 1785 τῇ
1257 1692 1359 1779 ,α’ρετῇ
1459 1676 1460 1769 λ

211 1857 218 1863 ‚
256 1807 491 1893 ύπερεχουσύν,
513 1804 618 1874 πεσοδν
637 1810 672 1872 ἐκ
692 1809 749 1872 τού
770 1808 868 1871 ἵππου
883 1802 900 1869 δ
914 1805 1136 1885 Χατατούριος
1156 1795 1247 1878 πεζὸς
1267 1793 1361 1872 ἑάλω,
1370 1810 1399 1862 15
1460 1793 1461 1879 λ

257 1912 312 1976 καί
331 1913 375 1998 τῷ
403 1914 636 1996 στρατηγοῦντι
668 1912 808 1993 παρέστη
836 1904 955 1991 γυμνὸς
982 1904 1037 1969 καί
1070 1898 1206 1976 ἐλεεινάς
1232 1904 1270 1987 τῇ
1298 1924 1360 1962 πα·
1461 1908 1462 1997 η

55 2031 61 2040 ”
155 2040 160 2053 ’
257 2013 360 2099 ρούση
385 2012 467 2098 τύχη
497 2014 553 2074 καί
582 2016 619 2097 τῇ
648 2014 754 2077 ἐλπίδι
785 2013 847 2075 τοῖν
872 2006 1049 2090 μελλόντων
1076 2004 1189 2070 κακούν.
1241 2005 1303 2067 τοῖν
1334 2001 1361 2064 δ’
1462 2026 1463 2091 η

258 2105 362 2179 ἄλλων
385 2106 617 2197 συμφυγόντων
647 2112 692 2187 είς
714 2111 750 2175 τύ
774 2112 829 2194 τῆς
854 2106 992 2193 Ἀδάνης
1011 2105 1168 2191 κάστρον,
1192 2106 1225 2167 ἐν
1255 2094 1360 2191 ᾧπερ

261 2210 278 2275 δ
306 2213 458 2297 Διογένης
484 2211 641 2296 ἐκάθητο,
674 2214 837 2294 πολιορκία
871 2206 929 2292 την
956 2210 1107 2292 τοιαύτην
1144 2204 1236 2269 πόλιν
1269 2204 1362 2289 α’κρι-

175 2315 177 2319 ’
259 2316 325 2396 βάς
358 2314 537 2391 διεδέξατο·
600 2313 862 2399 παρακαθίσαντος
901 2311 961 2394 γάρ
998 2306 1097 2393 αύτὴν
1132 2306 1165 2406 οἱ
1195 2304 1274 2389 μετά
1304 2306 1398 2383 τούγη
1464 2336 1465 2339 “

258 2416 463 2499 Ἀνδρονίκου
481 2416 639 2498 Ῥωμαῖοι
666 2411 780 2481 σπάνει
805 2416 866 2480 τάν
888 2406 1072 2498 άναγκαίων·
1099 2410 1174 2488 τούς
1194 2407 1285 2475 ἔνδον
1304 2409 1360 2472 οδκ
1465 2375 1466 2456 λ

261 2516 309 2591 είς
328 2516 448 2600 μικράν
478 2517 532 2599 την
562 2515 700 2599 άγωνίαν
722 2518 880 2596 ἐνέβαλον.
934 2519 1013 2591 τέως
1035 2515 1063 2578 δ’
1087 2505 1145 2577 ούν
1167 2513 1241 2597 περί
1263 2531 1360 2575 onor·
1387 2505 1389 2509 ’

262 2617 328 2681 δοῦν
352 2616 584 2699 διαλεχθέντων
619 2617 789 2702 ἀλληλοις,
817 2619 983 2696 συνέδοξεν
1016 2615 1200 2681 ἀποθέσθαι
1226 2615 1286 2696 μὲν
1306 2607 1361 2695 την

261 2719 428 2798 βασιλείαν
450 2717 503 2784 τόν
523 2722 687 2805 Διογένην,
705 2722 949 2785 συναποθέσθαι
972 2720 1007 2782 δὲ
1029 2721 1084 2783 καί
1103 2715 1161 2800 την
1180 2716 1286 2802 τρίχα,
1308 2714 1362 2778 καί

336 2871 360 2922 1.
383 2870 540 2943 Ταρσέωνθ
630 2872 671 2923 11.
691 2869 742 2927 τὸν
763 2887 805 2923 eur
825 2872 853 2952 (j.
947 2872 988 2926 13.
1009 2875 1162 2946 γενομένης
1183 2870 1213 2925 G.

264 3008 371 3061 omnino
401 3024 456 3063 nen
485 3011 522 3064 ita
550 3011 656 3066 abesset
684 3013 779 3066 Tarsus
808 3012 879 3065 urbs.
927 3013 1017 3064 inviae
1045 3019 1132 3064 autern
1161 3019 1188 3063 et
1206 3025 1318 3080 asperae
1337 3016 1362 3061 et

263 3081 427 3150 praecipites
454 3090 482 3134 et
505 3083 585 3136 valde
603 3093 732 3154 angustae
750 3086 877 3138 montium
895 3082 1000 3147 valles,
1021 3101 1089 3152 quae
1116 3092 1213 3136 terrare
1232 3083 1361 3136 deiende-

263 3151 336 3218 bant‚
357 3151 479 3206 Ciliciam
497 3171 551 3206 non
575 3166 662 3223 aptum
685 3157 831 3210 reddebant
857 3171 945 3224 neque
964 3157 1113 3223 expeditam
1137 3157 1268 3207 exercitui
1284 3157 1362 3206 inea.

265 3227 377 3277 sionem.
414 3226 586 3293 quamebrem
605 3231 683 3280 etiarn
711 3230 733 3279 si
752 3230 797 3296 qui
818 3243 851 3280 ex
869 3229 982 3294 Augusti
1010 3227 1137 3280 militibus
1157 3229 1294 3278 cacumina
1314 3226 1362 3277 ob-

264 3297 408 3349 tinuissent
431 3306 458 3350 et
476 3300 560 3366 magis
585 3301 612 3351 in
637 3300 778 3352 iaculando
807 3308 832 3350 ct
856 3299 968 3366 pedibus
998 3301 1024 3351 in
1051 3299 1219 3351 ascendendo
1239 3298 1362 3366 expediti,

265 3383 319 3420 non
338 3369 471 3435 potuisset
488 3386 602 3439 unquam
625 3372 772 3423 Andronici
799 3372 933 3422 exercitus
961 3372 1013 3421 iter·
1031 3386 1079 3440 per
1107 3371 1174 3422 baec
1194 3370 1294 3434 facere,
1313 3369 1364 3421 nisi

266 3440 356 3508 potius
373 3449 444 3492 rnetn
475 3441 605 3494 militibus
622 3444 739 3494 instante
767 3444 794 3494 in
813 3445 902 3510 fugam
929 3458 958 3494 se
977 3449 1124 3494 verterent.
1161 3458 1213 3510 qna
1232 3450 1320 3494 tamen
1335 3455 1364 3491 re

266 3510 392 3578 neglecte
411 3512 559 3579 periculum
577 3513 717 3566 subierunt
734 3515 857 3582 Auguste
877 3529 929 3566 res.
975 3522 1115 3581 postquam
1134 3515 1204 3565 enim
1220 3515 1364 3582 degressus

268 3588 309 3636 est
328 3583 356 3632 in
378 3598 497 3650 campum
515 3600 574 3634 cnm
585 3585 740 3637 Andronico
756 3586 899 3648 exercitus,
918 3584 1087 3638 Chataturius
1102 3601 1246 3654 aggressus
1266 3585 1364 3636 bellurn

267 3653 309 3704 his
329 3654 437 3705 iniecit:
466 3654 514 3706 scd
539 3670 598 3706 cnm
616 3670 670 3706 nen
688 3657 716 3706 in
734 3655 842 3724 longum
863 3657 1052 3709 extenderetur
1077 3658 1133 3710 eins
1152 3673 1265 3722 aevum,
1291 3655 1365 3724 quasi

269 3724 431 3776 Graecorum
449 3726 523 3778 vires
543 3734 570 3776 et
588 3725 756 3778 multitudine
775 3736 802 3779 et
819 3730 919 3780 virtute
938 3730 1091 3796 superiores
1113 3737 1222 3794 essent,
1241 3728 1365 3795 delapsus

268 3808 338 3861 eque
361 3795 531 3849 Chataturius
557 3798 640 3863 pedes
668 3807 761 3866 captus
789 3809 845 3863 est,
876 3808 902 3850 et
930 3814 1017 3851 coram
1048 3802 1116 3852 duce
1140 3803 1215 3854 stetit
1239 3801 1325 3852 nndns
1341 3806 1366 3849 et

267 3866 349 3918 miser
367 3866 473 3920 fortuna
487 3869 604 3921 instante
623 3878 650 3921 et
663 3873 864 3938 exspectatione
879 3871 1026 3924 futurorum
1045 3872 1182 3925 malorum.
1203 3889 1261 3924 curn
1279 3880 1366 3923 autern

269 3939 354 3989 ceteri
372 3941 400 3992 in
421 3939 539 3993 Adanem
558 3941 699 3994 castellum
719 3944 860 4011 fugissent,
881 3944 908 3994 in
928 3958 980 4010 qno
997 3944 1134 4012 Augustus
1153 3944 1296 4008 residebat,
1316 3957 1365 4010 op-

267 4011 436 4077 pugnatione
453 4011 520 4064 bane
538 4013 631 4065 urbem
650 4023 725 4067 certo
745 4016 859 4081 accepit.
897 4014 1050 4068 obsidentes
1070 4017 1139 4068 enirn
1161 4031 1218 4068 eam
1243 4017 1289 4084 qui
1309 4029 1366 4066 cun

268 4079 422 4134 Andronico
443 4092 518 4136 erant
532 4083 626 4137 Graeci
645 4087 736 4155 inopia
749 4103 838 4139 rerum
856 4088 1067 4140 necessariarum
1085 4089 1156 4140 intus
1175 4087 1294 4142 inclusos
1312 4101 1366 4138 nen

269 4167 354 4222 parvo
373 4153 458 4208 labori
477 4156 638 4210 iniecerunt.
676 4175 735 4213 cuna
754 4159 836 4228 igitur
854 4158 888 4210 de
909 4156 1018 4210 foedere
1036 4160 1106 4212 inter
1124 4177 1154 4214 se
1173 4160 1365 4230 colloqueren-
