2967 4825
445 259 472 305 ε
516 191 754 320 'nmmum
1124 229 1203 316 tat·

106 410 256 494 ἔμελλον,
283 409 362 497 μήτε
391 409 445 477 τὸν
472 408 584 478 στόλον
613 413 761 489 όόσαντες
788 410 1015 494 ascelmum
1032 404 1114 474 όλλίι
1139 408 1199 474 κόν

109 508 205 602 τοότρι
229 512 439 599 δρονγγόριον
460 513 699 598 ἐπιστήσαντες.
770 505 782 514 ”
826 513 829 520 “

207 605 299 678 Οότω
320 615 357 677 δέ
374 617 436 678 τοόν
461 611 541 678 κατὰ
565 612 620 697 την
642 613 733 678 πόλιν
756 607 952 698 πραγμάτων
973 609 1123 695 έχόνταν,
1144 609 1200 676 καί

105 719 257 800 βασιλέως
279 718 529 798 καθαιρεθέντος
557 712 716 780 δπλιτικδν
735 711 863 798 ἔχοντος
885 717 921 780 έκ
941 714 1144 799 μισθοφοραῖς
1166 713 1201 775 έν

83 845 98 897 5
105 820 235 902 μορίασι
258 812 579 903 σοναριθμοόμενον,
609 817 663 881 καί
696 820 757 881 roal
778 815 993 881 Βοτανειότοα
1024 812 1200 896 πολεμικῶς

107 923 161 983 καί
176 923 325 1001 μαχίμοις
346 919 404 1003 τήν
425 917 507 1000 sulp
531 909 585 1003 τῆς
616 920 720 1002 κοινῆς
753 921 816 982 τῶν
832 918 1000 1000 Ῥωμαίων
1031 918 1197 1000 εόετηρίας

107 1020 204 1105 δρμὴν
226 1019 464 1105 έξαρτόσαντος,
486 1012 681 1101 ἀναίμακτον
705 1014 791 1083 ἅπαν
810 1021 865 1083 καί
894 1018 1074 1102 ἀνώλεθρον
1102 1038 1199 1082 ousa-

105 1119 244 1206 περόνθη
265 1120 302 1187 τό
325 1123 536 1203 α’ποιέλεσμο,
558 1120 601 1199 ὥς
621 1123 704 1207 μηδὲ
728 1115 800 1206 ῥῑνό
819 1143 901 1195 τινος
930 1121 1065 1202 αἳματος
1094 1121 1202 1202 γενέσ-

103 1227 159 1288 θαι
189 1221 381 1314 διάβροχον·
427 1216 505 1306 όπερ
543 1226 656 1307 δεῖρμα
683 1227 740 1307 τῆς
770 1225 816 1298 είς
846 1221 922 1287 θεὸν
943 1221 1043 1286 adeat
1064 1224 1198 1294 πίστεως
1209 1232 1226 1286 i.
1240 1230 1329 1289 2271.

65 1343 94 1396 10
102 1328 155 1391 καί
173 1327 230 1410 τῆς
250 1323 285 1390 έκ
300 1329 382 1389 θεοῦ
402 1329 630 1409 προχειρίσεως
651 1322 768 1389 τούτου
791 1322 995 1410 σαφέστατόν
1019 1345 1053 1387 τε
1074 1325 1129 1389 καί
1149 1323 1199 1386 σι’-

100 1432 266 1493 κειότασον.
310 1427 391 1491 α’λλό
409 1428 444 1493 τό
468 1431 527 1508 μὲν
542 1424 605 1490 α’πό
629 1428 788 1509 βασιλέων
811 1422 905 1506 ἔσχεν
928 1424 945 1488 ό
966 1427 1023 1507 τῆς
1042 1425 1199 1509 θεομηιο-

101 1552 154 1612 ρος
173 1531 207 1592 έν
229 1531 429 1613 Βλαχέρναις
452 1527 547 1611 σηκός
569 1526 751 1613 ἱεροότατος,
773 1527 828 1593 καί
842 1533 1036 1611 περιέσωσεν
1055 1527 1091 1591 έν
1114 1526 1202 1612 misul

1271 1385 1287 1420 s

100 1627 154 1713 τήν
177 1632 275 1714 τρίχα
297 1627 352 1694 καί
370 1626 427 1694 τόν
450 1627 568 1711 κόσμον
588 1628 853 1712 έκτιναξόμενον·
899 1628 955 1693 τόν
978 1629 1007 1691 δ’
1029 1625 1091 1692 dul
1107 1633 1200 1711 loyor
1310 1643 1313 1655 '

101 1734 204 1797 θετοόν
225 1736 280 1796 καί
299 1729 354 1804 τόν
382 1726 499 1797 τοότοο
525 1730 745 1816 προασπιστὴν
766 1733 898 1814 Δαβίδ,
927 1730 961 1797 τό
984 1732 1043 1796 τοῦ
1063 1723 1203 1813 μεγόλοο
1245 1757 1250 1768 ·

63 1859 91 1911 15
100 1824 262 1918 ἓταιρειόρ
265 1856 328 1917 χον
347 1837 534 1918 κεκτημένον
555 1833 729 1919 όφῳίκιον,
755 1827 788 1908 ὃς
809 1831 843 1896 ἐκ
866 1835 1079 1917 παραγγελίας
1101 1830 1202 1894 adeo&

99 1935 155 1996 τοό
176 1930 238 1997 οἶπό
259 1937 437 2017 laycianus
458 1929 511 1999 τόν
535 1935 690 2018 α’ρχιερέα
711 1935 769 2018 τῆς
790 1932 879 2016 ἱερᾶς
908 1933 1067 2017 τραπέζης
1093 1933 1127 1996 έν
1158 1934 1201 2018 τῷ

86 2087 94 2125 3
104 2035 325 2123 θυσιαστηρίῳ
346 2039 403 2119 τῆς
425 2036 483 2100 rosi
502 2038 579 2098 θεοῦ
600 2035 694 2118 λόγον
714 2037 831 2121 σοφίας
853 2037 967 2118 βιαίως
997 2032 1199 2113 avertem,

103 2135 209 2212 οόδείς
238 2142 326 2212 θεῖος
353 2136 449 2218 δόμος
472 2139 600 2217 ἐδέξατο
623 2139 678 2201 καί
707 2140 916 2222 περιέστειλεν
943 2131 1073 2200 ἔνδοθεν
1103 2136 1199 2224 (ᾐδέ-

100 2243 229 2324 σθησαν
241 2235 302 2320 γόρ
315 2245 502 2322 προσελθεῖν
516 2237 571 2303 καί
594 2241 792 2324 προσρυῆναο
814 2239 944 2312 ἐκείνοις
964 2227 1008 2301 ὧν
1022 2233 1081 2320 τὴν
1101 2260 1203 2300 κατα.

60 2337 209 2426 ςρφογὴν
233 2334 340 2415 ἄλλοις
365 2342 460 2404 αότοί
479 2339 714 2427 α’πηγόρεοσαν,
734 2338 790 2404 καί
808 2329 852 2403 ὧν
875 2331 967 2424 όβριν
985 2340 1041 2403 καί
1071 2339 1203 2421 α’τιμίοιν

102 2444 137 2507 ἐκ
159 2444 349 2525 προπετείας
373 2440 579 2518 α’τασθόλοος
600 2447 781 2529 κατέχεον),
812 2438 894 2507 οἷλλίι
915 2443 978 2507 ταῖν
998 2442 1104 2506 ἵππιον
1135 2444 1202 2509 ἐπι·

100 2539 213 2625 βάντες
233 2539 293 2607 σόν
316 2541 431 2627 όλίγοις
456 2547 520 2607 ταῖν
541 2545 622 2629 ἄμφ’
646 2541 765 2625 αότοός
786 2540 866 2627 πρός
888 2535 1026 2627 ἑσπέραν
1055 2538 1203 2628 έξεόρμη-

101 2670 174 2710 σαν.
215 2644 271 2709 καί
291 2646 573 2727 καταλαμβάνουσι
593 2644 648 2710 τόν
662 2645 842 2712 Ῥοοσέλιον
862 2648 907 2721 εἰς
923 2643 1117 2729 Ἡράκλειαν
1139 2635 1206 2727 ἤδη

59 2776 67 2781 ·
101 2752 159 2831 τῆς
173 2745 252 2814 κατό
275 2749 339 2814 τόν
361 2745 539 2814 όνιιπόλοον
558 2747 644 2831 νίκης
666 2744 706 2814 τό
727 2746 925 2834 χαριστήρια
948 2742 1086 2810 θόοντα·
1109 2736 1205 2810 όστε-

101 3014 170 3065 tium
187 3012 307 3064 ordinem
325 3011 478 3064 adornaturi
497 3018 582 3075 erant,
600 3025 689 3079 neque
708 3009 821 3063 classem
839 3009 1008 3080 reliquerunt
1025 3011 1085 3065 sine
1103 3008 1206 3079 guber.

103 3092 209 3149 nature,
229 3084 277 3136 sed
297 3085 376 3135 etiam
393 3084 456 3135 huie
475 3084 645 3150 drungarium
662 3084 855 3149 imposuerunt.

205 3179 269 3234 (lum
288 3188 376 3232 autem
395 3181 481 3232 sicin
499 3179 566 3231 urbe
583 3194 627 3231 res
646 3194 676 3230 se
694 3179 845 3243 λεαίνεσθαι,
871 3187 897 3232 et
915 3194 964 3232 rex
984 3178 1103 3233 sublatus
1123 3186 1204 3244 esset,

104 3254 151 3324 qui
171 3249 316 3305 exercstum
334 3254 425 3319 gratis
449 3260 598 3304 armaturae
618 3250 729 3303 baberet
743 3251 879 3303 ‘mercede
906 3252 938 3304 ad
956 3252 1089 3318 myriades
1107 3266 1205 3303 nume.

104 3334 199 3389 ratum,
219 3340 333 3392 cumque
350 3324 505 3377 Bolaniates
534 3322 666 3376 bellicose
686 3332 713 3374 et
739 3324 846 3374 fortiter
865 3325 1011 3375 communis
1027 3324 1206 3377 Romanorum

105 3396 198 3450 salutis
217 3397 330 3450 studium
346 3397 518 3465 gubernaret,
537 3397 595 3448 sine
615 3410 710 3447 cruore
734 3396 821 3447 omnis
845 3403 872 3447 et
890 3397 949 3448 sine
969 3396 1051 3448 caede
1068 3396 1205 3463 perlectus

105 3469 269 3533 emeritus,
296 3469 334 3519 ita
351 3476 381 3519 ut
403 3484 439 3520 ne
456 3484 537 3521 nasus
564 3468 669 3535 quidem
688 3468 842 3534 cuiusquam
868 3468 998 3535 sanguiue
1022 3470 1205 3536 tingueretur:

103 3540 131 3591 id
151 3542 221 3607 quod
241 3540 427 3592 documentum
446 3542 504 3592 eius
523 3539 585 3592 lidei
604 3540 648 3590 dei
670 3548 696 3590 et
714 3539 822 3590 divinae
841 3540 984 3591 creationis
1011 3538 1089 3592 huius
1109 3538 1206 3591 certis.

105 3613 198 3663 simum
218 3620 259 3664 est
278 3618 305 3661 et
322 3612 435 3663 maxime
455 3612 610 3679 proprium:
631 3612 679 3663 sed
702 3626 795 3679 regem
814 3610 906 3662 habuit
924 3611 967 3662 dei
986 3612 1076 3663 matois
1094 3611 1122 3662 in
1140 3610 1208 3661 lila-

106 3683 213 3735 chernis
236 3684 362 3751 templum
392 3685 586 3736 sanctissimum
606 3690 632 3732 et
651 3684 786 3747 servavit,
811 3692 950 3751 postquam
981 3683 1009 3733 iu
1029 3698 1061 3734 eo
1082 3680 1207 3749 capillum

109 3764 135 3806 et
156 3763 275 3807 ornatum
296 3756 432 3822 deposuit:
452 3754 616 3823 logothetam
642 3762 729 3806 autem
749 3763 776 3805 et
795 3757 852 3807 eius
879 3763 1105 3823 propugnatorem
1121 3755 1208 3808 liavi-

108 3828 167 3879 dem
186 3828 231 3894 qui
257 3829 345 3895 magui
366 3829 523 3879 societatum
543 3828 617 3877 ducis
636 3826 767 3878 habuerat
791 3827 919 3890 officium,
939 3828 984 3893 qui
1012 3828 1117 3895 quidem
1134 3828 1208 3878 iussu

104 3895 260 3967 logothetae
292 3916 419 3952 summum
445 3899 598 3966 pontificem
625 3914 640 3949 a
677 3906 767 3949 sancta
798 3913 889 3949 mensa
922 3900 950 3948 lu
979 3912 1024 3950 ara
1061 3897 1208 3965 sapientiae

105 3972 189 4023 divini
216 3971 292 4023 verbi
317 3973 346 4023 ri
365 3972 500 4035 detraxit,
531 3970 605 4022 nulla
634 3970 725 4021 divina
752 3970 844 4019 domus
876 3970 983 4035 excepit
1011 3977 1038 4021 et
1064 3970 1132 4021 terit
1163 3968 1208 4020 in.

99 4052 161 4095 tus:
180 4044 261 4095 veriti
283 4044 354 4095 euim
378 4051 441 4094 sunt
463 4043 593 4093 accedere
619 4050 645 4093 et
668 4041 882 4108 appropinquare
912 4039 985 4105 illis,
1011 4055 1120 4111 quaram
1140 4054 1208 4092 con.

105 4115 181 4183 fugio
200 4114 261 4168 aliis
278 4117 332 4182 ipsi
356 4115 566 4179 interdixerant,
593 4114 665 4165 etin
684 4128 749 4182 quas
774 4110 925 4180 superbiam
949 4119 976 4164 et
994 4112 1109 4167 dedecus
1127 4114 1208 4180 impia
1233 4135 1237 4142 ·

104 4187 217 4245 audacia
235 4188 398 4244 alluderente
418 4187 466 4243 sed
486 4201 569 4256 equos
588 4185 764 4243 ascendeutes
793 4194 857 4239 cum·
871 4184 965 4255 pascit
982 4198 1091 4244 suorum
1107 4187 1140 4241 ad
1158 4199 1207 4237 cc.
