2967 4825
251 330 322 401 102
496 332 747 444 rotcausus
781 331 1041 445 At'rtmottn

248 496 449 581 ’Ῑωόννην
419 522 472 561 τον
506 495 671 577 Καίσαρα.
720 485 839 580 ἤρξατο
867 493 928 578 γὰρ
951 496 1066 559 αὐτίκα
1096 494 1129 563 ἑν
1150 432 1259 570 ου’τοῖς
1281 460 1347 569 τοϊς

247 602 423 673 πολιτικοῖς
438 599 633 681 διατάγμασι
650 596 705 661 καί
724 601 788 661 ταῖν
802 591 1049 681 παρατυχόντων
1070 596 1270 678 στρατιωτῶν
1283 600 1347 667 τοϊς

245 698 482 785 ἐπισημοτέροις
506 707 713 806 συνομιλεῖν,
742 703 798 765 καί
817 722 888 879 περζι
920 698 1095 778 πολεμικόν
1118 691 1247 777 οἶμιόνων
1266 699 1347 774 βον-

244 800 418 880 testatur,
451 825 504 865 και
531 794 766 886 πρεσβευταῖς
752 796 884 879 ετοιμόζ
884 822 948 876 ειν,
976 798 1031 859 καί
1060 796 1263 878 πανταχόθεν
1282 802 1347 869 τοῖς

246 900 399 976 ἐναντίοις
422 902 612 965 διακωλύειν
633 899 692 976 τοὶς
712 898 902 985 προσβολαῖς.
925 894 978 962 διό
1001 893 1103 962 ταότό
1118 919 1167 960 τοι
1189 920 1243 959 και
1262 890 1347 985 χρό-
1353 914 1371 967 5

242 1023 295 1075 νος
315 990 385 1065 o3rt
404 1001 524 1085 συχνός
547 1006 682 1086 κατέσχε
692 1006 809 1069 τοῦτον
839 1000 884 1076 είς
906 998 944 1064 τὰ
968 1002 1133 1094 βασιλεια,
1157 995 1238 1061 ἄλλα
1261 992 1343 1076 μετόν

199 1183 202 1193 Ι
241 1099 346 1186 διττην
367 1108 535 1225 σεληναίαν
556 1102 749 1224 περίοδονῆ
776 1107 831 1187 τῆς
851 1096 932 1177 ἓωάς
958 1101 1070 1167 τοῦτον
1099 1100 1227 1179 ἐδέξατο
1250 1100 1344 1183 Προ.

241 1208 357 1285 ποντίς,
380 1229 432 1268 και
455 1206 490 1267 τό
515 1205 705 1290 παράσημον
731 1206 786 1289 τῆς
808 1206 974 1287 βασιλικῆς
1004 1205 1118 1286 σκηνῆς
1140 1200 1237 1265 πᾶσιν
1261 1194 1344 1280 όμοό

131 1332 135 1337 ’
164 1362 169 1366 .
201 1293 528 1388 ’παρεστήσατο
494 1330 549 1389 την
581 1307 734 1386 βασιλίδα
765 1300 842 1388 πρός
872 1328 927 1389 την
947 1298 1031 1367 tntae
1064 1292 1266 1421 ἐκστρατείαν
1289 1322 1344 1361 και

241 1396 464 1501 εἷποφοίτηοιν,
492 1410 547 1471 καί
565 1406 583 1467 3
609 1409 760 1490 ζηλος
722 1433 776 1491 της
790 1403 927 1481 ἐκδικίας
952 1407 1091 1489 νενίκηκε
1110 1426 1169 1523 την
1185 1400 1264 1465 κατα
1285 1397 1390 1487 resto

238 1496 389 1589 βασιλίδα
404 1506 539 1629 τρυφην
563 1532 595 1573 τε
617 1532 670 1575 και
667 1509 885 1592 θυμηδίαν,
884 1510 938 1571 καί
958 1503 993 1569 τό
1009 1501 1089 1569 κατό
1110 1501 1167 1579 τὰς
1187 1502 1353 1587 προόδους

85 1629 87 1633 ·
181 1669 184 1675 ,
237 1609 353 1689 με’χρις
376 1606 515 1693 οόρανοῦ
536 1607 663 1696 φθόζον
685 1614 773 1685 κλέος
798 1634 851 1673 και
874 1605 986 1684 πόνους
1007 1603 1130 1671 τούτων
1150 1607 1343 1669 α’ντικαταλ-

189 1769 198 1789 ,
239 1707 398 1785 tritantur
421 1707 476 1773 τὸν
497 1711 674 1792 κρατοῦντα
696 1713 895 1793 παρέπεισεν
921 1704 939 1771 3
962 1733 1013 1773 και
1030 1685 1344 1790 πόνταςκατὲιτληξε,

238 1805 490 1928 συμβαλόντας“
473 1834 521 1876 οτι
533 1836 578 1885 εις
593 1835 629 1875 το
619 1808 861 1893 διατόξασθαι
878 1811 975 1891 μόνον
990 1835 1047 1895 την
1062 1811 1115 1894 τῆς
1135 1811 1340 1893 ἑκοτρατειας

238 1908 443 2032 παρασκευην
466 1938 519 1977 και
540 1936 718 2000 αποσκεοην
738 1916 813 1981 οὐδὲ
834 1916 931 1997 τριιόυ
955 1907 1038 1977 iter
1052 1910 1211 1997 διάστημα
1232 1932 1343 1995 μηνων
1355 1913 1390 1967 15

238 2012 402 2092 ἐξαρκεῖ.
417 2009 434 2073 3
458 2016 493 2078 tt
515 2035 669 2099 νεοπαχης
689 2014 823 2099 γεγονός
847 2015 883 2081 τό
907 2027 941 2078 τε
951 1998 1044 2082 ἄλλα
1064 2010 1342 2099 καταστησόμενος

240 2103 289 2194 ἦν,
312 2112 365 2177 και
385 2116 467 2234 πρός
490 2120 529 2202 τῆ
550 2119 712 2207 α’ποσκευῇ
741 2124 795 2182 καί
815 2112 1042 2202 στρατιωτικόν
1073 2113 1107 2181 ἐκ
1130 2138 1185 2200 της
1206 2108 1343 2198 ἑσπέρας

241 2238 292 2278 και
313 2218 373 2299 τῆς
388 2218 451 2281 τόν
464 2220 692 2283 Καππαδοκῶν
709 2218 840 2306 φθόσος
862 2221 1120 2302 προσυνελὲξατο,
1143 2240 1193 2281 και
1189 2211 1343 2290 Eudone

103 2316 124 2373 l.
144 2316 231 2384 187τ
241 2321 481 2405 συνεκαλέσατο,
505 2324 561 2385 κατ’
573 2319 633 2404 πρό
653 2325 707 2407 τῆς
729 2318 850 2387 τοότων
873 2321 1043 2405 ἐπιδημίας
1063 2314 1144 2401 μετό
1162 2319 1224 2383 τῶν
1247 2318 1281 2383 ἕν
1300 2318 1343 2404 τῇ

157 2421 393 2542 βαριλείιρ
418 2423 529 2538 μόνων
557 2423 641 2510 αόλη
666 2427 721 2507 τῆς
741 2421 819 2488 3303
840 2425 1021 2500 σπουδαίως
1050 2420 1210 2508 ἐφήψατο.
1255 2443 1283 2483 ει
1276 2419 1389 2486 ’332⁰

238 2543 291 2583 και
316 2520 413 2598 αὐτὸς
432 2521 451 2595 3
469 2523 568 2588 ταῦτα
590 2521 785 2646 συγχρρίφων
804 2527 866 2590 τοόν
899 2529 933 2591 ἐκ
952 2527 1149 2607 προκριοεως
1172 2521 1258 2608 αὐτῷ
1279 2543 1342 2584 συ-

238 2623 455 2705 νεπομένων’
438 2623 626 2711 ετόχχανεν,
650 2627 705 2689 καί
732 2623 802 2702 τοὶς
811 2627 870 2690 τοῦ
898 2648 1036 2710 οτρατου
1020 2625 1231 2688 orte-terte
1257 2615 1343 2684 όπο-

239 2952 380 3018 sitinnem‚
403 2969 462 3005 enm
479 2956 592 3007 maxime
617 2955 759 3025 privignos
778 2955 888 3007 circum
897 2969 926 3007 se
951 2953 1062 3008 haberet
1081 2951 1254 3006 consiliorum
1272 2965 1339 3021 por-

229 3026 334 3091 .ticipes
357 3023 418 3089 vel,
447 3033 475 3077 ut
504 3029 595 3080 verius
624 3028 739 3091 dicam,
752 3027 906 3080 insidiarum
927 3034 1049 3079 auctores
1070 3041 1182 3093 cumque
1198 3025 1230 3077 iis
1250 3039 1341 3076 suun.

238 3095 326 3149 culum
340 3095 466 3148 loannem
477 3099 625 3153 Gaesarem.
665 3101 755 3166 coepit
776 3100 844 3152 enim
865 3100 976 3150 stutim'
969 3115 996 3150 rn
1016 3099 1082 3166 ipsis
1096 3095 1341 3148 constitutionibus

235 3167 351 3238 publicis
372 3171 450 3221 etism
471 3186 562 3223 eornm
583 3172 628 3240 qui
648 3174 758 3223 oderant
775 3171 887 3222 militnm
907 3170 1100 3222 illustrioribus
1118 3169 1158 3220 uti
1177 3167 1254 3220 etde
1274 3167 1340 3218 bel.

235 3240 296 3292 licis
317 3242 505 3296 certaminibus
523 3243 674 3296 deliberare
702 3252 729 3295 et
745 3242 851 3312 legatos
872 3244 1005 3295 instruere
1026 3250 1052 3293 et
1079 3240 1196 3308 undique
1215 3239 1339 3292 hostibus

235 3313 392 3380 impedire
385 3316 562 3367 rnoursiones.
600 3324 746 3383 propterea
766 3316 845 3366 etiam
864 3322 968 3381 tempus
986 3327 1040 3365 non
1060 3314 1209 3367 diuturnum
1227 3312 1340 3364 retinuit

130 3440 134 3451 ,
175 3381 177 3388 '
234 3386 330 3438 λιστα
323 3402 350 3437 ιο
370 3387 459 3454 regin,
480 3389 526 3439 sed
548 3396 608 3454 post
626 3388 740 3439 alterum
763 3386 860 3439 lnnne
870 3386 1008 3438 circuitum
1036 3385 1175 3438 orientalis
1195 3383 1338 3467 Propontis

176 3513 181 3523 ρ
233 3458 304 3508 hunc
323 3459 448 3525 excepit·
469 3467 496 3510 et
514 3459 642 3526 splendor
655 3460 725 3527 regii
736 3459 856 3510 tentorii
855 3457 982 3510 omnibns
1001 3456 1080 3510 simul
1098 3457 1215 3510 ostendit
1231 3455 1338 3540 regium

234 3529 266 3579 cd
285 3530 443 3581 orientalem
472 3530 668 3596 expeditionem
700 3540 726 3582 et
742 3532 811 3582 iter·
838 3537 917 3597 utque
944 3531 1057 3582 studium
1077 3529 1188 3582 ultionis
1207 3528 1273 3581 vicit
1290 3527 1338 3579 ln.

234 3601 336 3652 xnrinm
356 3608 383 3652 et
401 3600 585 3667 voluptatem,
611 3617 679 3669 quoe
706 3609 796 3654 essent
823 3603 850 3652 in
869 3604 960 3670 regia:
990 3609 1069 3670 atque
1095 3601 1198 3670 glorie,
1220 3600 1337 3667 quaein

234 3672 449 3737 expeditionibus
468 3687 554 3740 nsque
574 3674 617 3723 ad
624 3672 729 3724 coelum
750 3674 854 3725 veniret
879 3674 1033 3741 imperatori
1055 3673 1190 3740 persuasit
1208 3679 1238 3722 ut
1256 3671 1336 3722 etium

233 3741 340 3795 labores
368 3742 462 3794 barum
488 3751 602 3795 mutaret
630 3759 676 3796 en:
702 3745 773 3814 qnod
799 3745 904 3814 quidem
930 3745 1052 3797 omnibns
1080 3753 1216 3812 stuporem
1240 3743 1336 3796 iniecit

233 3814 423 3882 cogitantibus,
444 3813 476 3866 od
495 3815 678 3867 instruendum
697 3817 783 3868 solum
803 3819 982 3902 expeditionis
1000 3823 1154 3883 apperntum
1174 3822 1201 3866 et
1219 3815 1335 3882 impedi.

231 3893 319 3937 ments
337 3902 372 3954 ne
393 3888 471 3939 trium
491 3887 596 3956 quidem
615 3895 730 3940 totorum
749 3890 862 3956 spatium
874 3891 1002 3942 mensium
1018 3889 1158 3940 snilieere:
1173 3886 1227 3940 ille
1246 3896 1335 3938 nutem

231 3958 309 4009 modo
329 3944 446 4010 firmatus
466 3967 492 4011 et
514 3959 619 4027 relique
640 3959 819 4014 constituebat
846 3962 923 4012 etad
947 3961 1133 4027 impedimento
1154 3961 1232 4011 etiam
1253 3974 1333 4010 exer

231 4031 312 4081 citum
331 4047 364 4082 ex
383 4031 523 4082 occidente
549 4041 576 4085 et
593 4041 664 4085 terra
694 4033 890 4101 Cappadocum
899 4033 1025 4086 celeriter
1052 4033 1154 4100 delegit
1174 4040 1201 4084 et
1220 4030 1334 4096 Scythes

230 4105 392 4156 convocavit
407 4111 488 4171 utque
506 4113 568 4158 ante
586 4106 680 4156 horum
698 4106 841 4158 adventum
858 4120 916 4156 cum
934 4106 967 4156 iis
981 4104 1048 4157 solis
1068 4107 1113 4173 qui
1132 4106 1159 4156 in
1177 4105 1254 4172 regin
1272 4102 1333 4153 nula

235 4183 311 4227 erunt
329 4176 381 4228 iter
402 4175 521 4228 studiose
541 4178 611 4230 iniit.
649 4191 708 4226 cum
727 4184 814 4228 nutem
835 4176 937 4243 etipse
956 4178 1018 4244 qui
1021 4176 1087 4228 hoec
1104 4175 1196 4228 scribit
1215 4188 1337 4255 sequen.

236 4253 326 4302 tesso
354 4261 388 4302 ex
414 4246 549 4300 electione
576 4248 702 4313 heberet,
729 4258 756 4301 et
781 4249 919 4315 proposita
938 4251 1070 4301 exercitus
1096 4245 1316 4304 administraret
1309 4259 1339 4296 m
