2967 4825
276 268 349 350 sas
561 276 781 349 urendum
813 275 1072 346 drrmromn

274 446 350 510 λαοί
371 442 556 529 φημιζονσι·
580 439 654 516 θεὸς
676 442 764 517 νότος
786 440 856 506 ἐστί
878 444 933 507 καί
953 439 1043 526 αότή.
1087 442 1380 527 προκατειργάσμό-

274 569 324 611 νοι
346 542 410 629 γάρ
434 533 519 617 όντες
548 539 604 618 τάς
625 542 736 625 ψυχὰς
761 540 791 607 οἱ
810 538 960 635 Ῥωμαῖοι
992 545 1036 630 τῷ
1068 542 1158 631 φόβην
1181 544 1245 609 τάν
1272 545 1380 630 Tesip-

276 663 363 725 κων,
395 643 438 719 ὥς
457 646 514 707 τιό
535 647 692 726 βασιλέως
720 646 777 708 καί·
796 648 852 710 τοῦ
872 644 985 707 λοιποῦ
1005 635 1222 729 διὲρράγησαν
1235 646 1379 729 πλήθους

274 749 330 811 καί
352 748 397 821 εἰς
422 744 526 829 ὁρμὰς
545 748 606 809 τῶν
637 745 789 810 ἐναντίων
817 744 871 810 καί
896 742 1109 830 φενακισμοός
1136 747 1173 822 ἐξ
1197 746 1380 825 tartaraeos

273 839 688 933 πολεμικάνπιριέστησαν,
710 851 820 923 πτοίας
839 851 1034 933 πλησθέντες
1052 845 1107 910 καί
1120 846 1177 921 τάς
1192 845 1304 931 ψυχάς
1319 856 1405 912 νεα-5

274 951 496 1023 τασεισθέντες
519 946 650 1012 κατόπιν
680 952 738 1013 rori
768 953 925 1031 βασιλέως
954 948 1120 1033 ἐβάδιζον,
1149 947 1282 1033 άφέντες
1307 947 1381 1024 roric

274 1050 392 1125 τόπους
414 1050 550 1124 ἐκείνους
573 1040 618 1113 ὧν
639 1047 698 1134 τήν
720 1049 866 1136 φυλακήν
890 1048 1121 1135 ἐπετράπησαν,
1141 1050 1202 1125 ἕως
1223 1046 1303 1115 κατά
1317 1074 1381 1132 μι-

143 1163 164 1220 l.
184 1160 265 1220 194ι.
275 1173 351 1233 κρσν
375 1151 420 1225 εἰς
440 1148 515 1224 τούς
535 1151 720 1235 εἰρημένους
740 1150 871 1226 Ἀνθίας
885 1151 1096 1236 κατήντησαν·
1140 1150 1219 1216 ἔνθα
1236 1155 1300 1215 τῶν
1321 1172 1383 1214 πσ-

276 1254 394 1332 λεμίων
415 1252 579 1335 φανέντων
601 1254 635 1331 ἐξ
657 1252 822 1336 οὐραγίας,
846 1254 945 1335 μηδὲν
967 1250 1091 1338 τόγενὲς
1112 1256 1168 1315 καί
1188 1242 1275 1327 άξιυν
1290 1249 1383 1334 λόγου

210 1358 215 1369 ’
277 1345 496 1436 φρονήσαντες
516 1348 654 1436 αἰσχράν
686 1351 745 1436 τήν
779 1350 883 1437 φυγήν
904 1351 957 1415 καί
978 1352 1038 1435 πρό
1069 1354 1129 1417 τοῦ
1160 1351 1381 1435 ἀγωνίσματος
1391 1367 1424 1420 10
1480 1400 1481 1403 =

279 1451 414 1531 εἴλοντο,
443 1450 499 1516 καί
526 1456 751 1535 περιχυθέντες
782 1449 839 1515 τόν
863 1454 1009 1536 Ταῦρον,
1041 1448 1150 1535 οἱμὲν
1172 1455 1206 1517 ἐκ
1231 1448 1326 1526 ποδός
1350 1449 1381 1516 οἱ

277 1552 320 1615 dd·
338 1551 391 1615 διό
415 1556 478 1615 τῶν
497 1556 618 1634 ἵππων,
649 1554 943 1628 ἀποσκεδασθέντες
971 1554 1016 1627 εἰς
1042 1550 1100 1638 τήν
1122 1555 1299 1638 Κελεσίνην
1318 1575 1381 1617 κα·-

274 1651 449 1737 τήντηοαν,
486 1656 549 1717 τῶν
577 1655 733 1734 πολεμίων
762 1650 865 1737 πάσης
899 1656 955 1735 τής
984 1653 1105 1719 τούτων
1143 1652 1383 1738 κυριεσσάντων

276 1752 455 1837 άποσκευής
473 1758 529 1823 καί
549 1744 643 1819 τινῶν
656 1753 789 1845 ἐλίνυον,
817 1748 887 1819 δ’σαι
908 1757 962 1838 τῆς
985 1756 1088 1839 φυγῆς
1108 1750 1383 1839 εήνέπιιομωτέ-
1410 1796 1412 1803 ι

277 1876 337 1936 ραν
357 1848 483 1930 ἑαυτοῖς
504 1858 562 1919 oda
582 1857 889 1939 ἐπραγματεύσαντο.
1020 1851 1024 1859 ’
1110 1912 1117 1931 ,
1331 1924 1337 1931 f
1393 1876 1426 1932 15

382 1956 484 2019 Ταῦθ’
517 1953 602 2021 οὕτω
633 1960 858 2042 συμβεβηκότα
890 1954 990 2023 πόλόν
1021 1959 1134 2043 ἐνῆκαν
1162 1963 1207 2048 spi
1226 1962 1384 2049 βασιλικῷ

278 2058 483 2144 στρατοπέδῳ
506 2060 562 2121 καί
585 2056 672 2145 crispi
693 2061 737 2154 τρῖ
758 2063 890 2140 βασιλεῖ
905 2060 960 2125 τὸν
979 2062 1148 2142 ἐναγώνιον
1170 2056 1324 2144 θόρυβον,
1346 2060 1382 2126 τό

277 2158 337 2237 μὲν
356 2156 474 2243 τήτῶν
505 2156 627 2221 οἰκείων
659 2152 736 2248 ήττη
767 2157 1040 2246 οκυθρωπάσασιν
1070 2162 1110 2225 ου’
1129 2165 1270 2248 μικραῖς,
1290 2160 1330 2263 τό
1347 2164 1384 2228 δέ

277 2257 333 2322 καί
352 2257 408 2340 τήν
428 2265 492 2321 τεόν
514 2257 661 2324 ἐναντίων
681 2258 843 2347 ἐπιφοράν
867 2249 1120 2347 προσδοκήσασιν
1149 2262 1192 2341 σός
1212 2258 1253 2331 dv
1274 2288 1385 2351 φυση-

277 2360 399 2423 θίντων
420 2362 455 2423 ἐκ
478 2360 534 2443 τῆς
553 2361 768 2444 παλιντρόπου
791 2363 925 2446 ταυτησί
943 2366 1040 2448 νίκης,
1061 2362 1115 2429 καὶ
1135 2366 1320 2448 δυναμένων
1340 2368 1430 2454 aptot

277 2457 531 2550 ὑπολελειμμένην
565 2465 681 2546 πλήθει
711 2464 750 2526 δι’
780 2464 941 2549 ἐρήμωσιν
972 2468 1030 2528 τοῦ
1065 2465 1233 2549 κρατίστου
1263 2472 1386 2551 μόρους

278 2560 452 2623 ἐπιθέσθαι
474 2561 555 2645 πρὸς
575 2559 723 2642 πόλεμον.
768 2563 824 2628 καί
852 2557 889 2646 ήν
910 2566 967 2630 oria
996 2562 1059 2630 α’πδ
1084 2561 1203 2650 τρόπου
1223 2561 1259 2632 τό
1279 2581 1407 2650 apuu-¹

280 2661 467 2741 δυκεόμενον.
518 2666 572 2727 καί
598 2666 721 2745 γέγονεν
750 2657 788 2730 άν
812 2667 919 2748 τοῦτο,
943 2669 975 2732 εί
988 2669 1034 2751 μή
1066 2663 1081 2731 ό
1108 2669 1233 2752 Ταῦρος
1254 2664 1289 2732 τό
1310 2660 1385 2752 ὅρος

236 2768 241 2773 “
281 2756 573 2844 α’πήντησετοότυις
592 2763 718 2850 ὑψηλός
738 2759 782 2832 ὢν
804 2765 886 2832 κατά
913 2768 991 2833 notri
1013 2772 1068 2836 και1
1082 2767 1207 2856 τροχός
1225 2767 1281 2836 καί
1300 2770 1386 2837 δυσ·

354 2938 378 2992 1.
398 2939 556 3024 φημίξονυι
576 2941 606 2995 G·
723 2943 750 2996 7·
770 2943 911 3018 ἐπετράπη
933 2947 963 3002 G.

281 3109 374 3162 tudine
398 3119 425 3163 et
449 3113 481 3164 ad
506 3115 633 3182 impetum
658 3117 774 3170 bostium
802 3127 829 3171 et
855 3121 933 3174 dolos
959 3113 1146 3176 ostentationis
1173 3141 1253 3178 causa
1271 3127 1386 3181 militari

279 3183 358 3233 modo
384 3184 531 3249 adstarent,
559 3188 737 3254 trepidatione
765 3191 869 3258 impleti
890 3200 916 3244 et
934 3195 1028 3246 animis
1057 3199 1190 3262 concussi,
1209 3207 1271 3266 post
1288 3205 1399 3269 regem‘

280 3253 478 3324 procedebant,
498 3256 682 3327 relinquentes
702 3261 769 3313 loca¹
782 3263 976 3333 illa,¹quornm
995 3269 1115 3319 custodia
1141 3270 1174 3320 iis
1194 3271 1295 3322 credita
1314 3281 1384 3338 erat,

280 3327 366 3376 donec
384 3323 461 3378 brevi
480 3329 512 3379 ad
531 3330 616 3383 dictos
633 3333 746 3384 Anthias
765 3345 913 3387 venerunt:
941 3337 978 3387 ibi
999 3353 1056 3388 cum
1075 3340 1165 3392 hostes
1185 3352 1349 3408 apparerent
1367 3360 1386 3396 a

280 3405 368 3464 tergo,
386 3397 454 3449 nihil
473 3399 565 3450 nobile
579 3406 622 3470 ,etf
643 3403 816 3456 memorabile
841 3409 960 3459 meditati
986 3417 1088 3476 turpem
1108 3411 1198 3480 fugam
1229 3416 1385 3483 etquidem

281 3474 343 3518 ante
362 3477 496 3520 certamen
523 3483 652 3538 ceperunt
671 3483 697 3526 et
723 3476 876 3531 circumfusi
902 3479 1011 3532 Taurum
1031 3480 1078 3532 alii
1106 3483 1217 3549 pedibus
1237 3485 1283 3536 alii
1304 3489 1385 3554 equis

281 3539 396 3604 dispcrsi
414 3540 445 3590 ad
464 3539 615 3593 Kelosinem
634 3555 774 3611 venerunt,
795 3564 853 3598 cum
868 3549 959 3604 hostes
979 3553 1098 3623 omnibns
1119 3553 1210 3606 borum
1230 3559 1385 3624 potirentur

281 3609 476 3674 impedimentis
496 3619 523 3661 ct
539 3613 677 3668 nonnullis
696 3619 807 3683 paucis,
834 3622 878 3688 qui
898 3622 978 3690 lagae
997 3625 1149 3678 breviorem
1166 3628 1238 3680 riam
1256 3630 1309 3682 sibi
1327 3646 1386 3682 non

282 3690 489 3744 comparassent.
686 3744 692 3755 ⁴

380 3749 453 3800 Haec
481 3752 517 3803 ita
542 3753 611 3807 facta
639 3757 745 3811 multam
774 3764 924 3817 iniecerunt
949 3770 1175 3836 regiocxercitui
1204 3779 1231 3822 et
1249 3774 1301 3840 ipsi
1321 3779 1384 3844 regi

280 3819 422 3872 militarem
447 3824 564 3890 turbam,
590 3845 649 3879 cum
674 3839 701 3881 et
719 3848 826 3885 suornm
846 3836 946 3888 cladem
973 3855 1054 3907 aegre
1081 3842 1181 3894 ferrent
1199 3859 1252 3896 non
1271 3862 1384 3912 parum;

281 3899 308 3942 et
326 3891 441 3945 bostium
461 3897 539 3947 ctiam
558 3899 683 3966 impetum
705 3915 906 3972 exspectarent,
927 3912 1025 3977 quippe
1051 3915 1095 3980 qui
1115 3929 1144 3964 se
1164 3917 1294 3968 iactarent
1313 3934 1384 3984 pro-

280 3971 344 4029 pter
362 3979 496 4018 reversam
521 3968 588 4020 hanc
607 3974 745 4026 victoriam
772 3986 798 4028 ct
825 3988 934 4045 possent
951 3983 1063 4034 relictae
1088 3984 1251 4039 multitudini
1269 3999 1383 4057 propter
1449 3989 1452 3998 '

281 4033 445 4087 orbationem
470 4041 584 4106 optimae
607 4047 690 4110 partis
717 4050 818 4102 instare
837 4051 870 4100 ad
889 4050 1002 4122 bellum:
1029 4071 1116 4124 neque
1141 4059 1221 4110 inane
1252 4069 1308 4113 crat
1329 4079 1381 4112 ex.

280 4111 442 4171 spectatum:
478 4118 504 4161 et
529 4113 626 4165 lactum
653 4128 724 4170 esset
756 4119 823 4185 hoc,
853 4123 905 4174 nisi
931 4123 1029 4178 Taurus
1057 4142 1132 4181 mons
1159 4129 1308 4186 obstitisset
1327 4131 1382 4200 his,

281 4174 350 4229 altus
367 4177 523 4250 plerumque
544 4193 570 4236 ct
588 4201 666 4255 asper
687 4199 714 4242 et
732 4191 821 4246 irrvius
841 4199 868 4243 et
885 4194 999 4250 declivis
1019 4206 1045 4249 et
1063 4200 1108 4268 qni
1126 4202 1213 4269 possit
1232 4206 1383 4258 exercitum
