2967 4825
583 235 794 308 moronti.
948 291 952 298 .
1167 177 1238 308 δθλ

143 393 242 460 πάτου
266 391 380 472 ἔθνους
398 397 462 461 τόν
483 396 644 478 Κομάνων
662 401 796 477 πολλάν,
818 401 882 481 πύρ
897 396 1030 474 ταύταις
1053 399 1167 482 ε’νῆκαν
1185 397 1242 470 καί

144 501 380 582 πυριφλέκτους
409 495 527 574 πολλάς
556 500 746 583 ἀπέδειξαν,
778 498 977 584 ὀργιζόμενοι
1007 501 1048 586 τῷ
1077 498 1241 586 Βρυεννίηι

145 591 194 662 ὅτι
216 602 365 683 πρέσβεις
387 601 496 664 αύταῖν
518 597 572 665 έπέ
584 597 713 665 τούτου
734 599 823 684 παρά
845 604 907 665 τῶν
935 599 1243 687 Ἀδριανουπολιτόν

144 703 360 789 ἀνῃρέθησαν.
415 704 473 765 τού
505 702 540 765 δέ
560 704 699 788 στρατού
728 704 911 777 σπουδαίως
935 697 1374 784 καταλαμβάνοντοςηηςῃ,

114 801 290 887 5δρασμόν
312 799 349 866 οἳ
361 803 522 888 βάρβαροι
538 801 644 869 ἔθεντο
664 803 720 868 καί
732 803 836 869 οόκέτι
855 813 919 879 τοῖς
935 800 1123 887 Ῥωμαϊκοϊς
1145 794 1245 886 όρίοις

143 909 289 971 έπελθείν
310 905 561 989 παρετόλμησαν.

154 1036 158 1042 ’
242 1007 289 1073 Ἐν
310 1009 345 1071 δέ
364 1010 406 1095 τῷ
437 1004 500 1072 έτει
531 1006 633 1097 τούτῳ
668 1007 817 1092 δουλικὴν
853 1003 1038 1094 άμολόγησε
1065 1013 1170 1074 πιστοί
1201 1010 1245 1094 τᾷ

144 1113 276 1192 βασιλεῖ’
292 1106 568 1194 όικουροπαλάτης
590 1106 768 1193 Φιλάρετος
798 1107 814 1172 ό
835 1109 1026 1193 Βαχόμιος·
1070 1101 1161 1184 οὗτος
1183 1105 1244 1192 γάρ

144 1214 180 1276 έν
211 1211 328 1296 τόποιςΙ
348 1209 517 1293 δυσβάτοις
546 1216 600 1274 καί
629 1212 763 1296 σ’ρεινοῖς
794 1213 848 1276 καί
881 1213 945 1276 τῶν
971 1213 1151 1295 Τουρκικοόν
1181 1235 1245 1274 πα·
1276 1202 1281 1206 ’

97 1312 251 1397 1ορόδων
270 1311 498 1400 ύπρικιομένοις
519 1312 575 1388 τάς
595 1314 733 1396 οἰκήσεις
755 1309 940 1393 ποιούμενος
952 1316 1071 1395 τείχεσι
1086 1313 1243 1386 πλείστοις

145 1411 222 1488 τούς
243 1413 425 1490 στενωπούς
457 1403 643 1498 περιέλαβε,
662 1414 717 1477 καί
743 1413 970 1497 κατοχυρύσας
990 1412 1048 1490 τός
1068 1408 1244 1495 διεκβάσεις
1277 1493 1280 1499 .

146 1509 307 1578 divellerer
327 1522 391 1589 τοῖς
414 1517 514 1579 έκεΐσε
533 1515 643 1600 χώραν
661 1515 722 1578 άπό
739 1518 802 1579 τάν
822 1516 974 1580 ἐναντίαιν
989 1511 1169 1597 εἰργάσατο,
1191 1515 1246 1578 καί

145 1611 268 1699 πλῆθος
294 1611 472 1699 Ἀρμενίων
503 1619 560 1680 καί
579 1614 759 1698 ξυγκλύδων
787 1617 911 1700 α’νδρῶν
939 1613 1166 1695 συλλεξάμενος
1187 1610 1245 1677 δύ·
1282 1632 1307 1650 ’·

144 1741 240 1798 ναμιν
272 1714 376 1804 ἑαυτῷ
402 1713 622 1802 περιμάχητον
653 1715 890 1802 ἀπειργάσατο,
913 1719 968 1782 καί
987 1718 1032 1806 τηῖ
1052 1720 1246 1802 προβεβασι-

75 1825 134 1878 -15
143 1817 270 1883 λευκότι
289 1815 548 1903 α’καταδούλιυτος
571 1813 620 1902 ἦν,
645 1824 701 1884 καί
720 1821 788 1884 κατ’
812 1816 1007 1897 έξουσίαντά
1031 1811 1150 1882 ἑαυτοῦ
1164 1839 1247 1902 προ-

142 1920 363 2008 μηθούμενος,
393 1923 449 1984 καί
476 1918 582 1996 πόλεις
609 1920 778 2002 βασιλικάς
808 1924 854 1996 εἰς
875 1917 989 1985 ἑαυτόν
1022 1917 1245 2000 οἰκειούμενος,

144 2026 203 2087 καί
221 2024 282 2098 εἰς·
301 2025 400 2105 μῆκος
421 2025 555 2108 ἐξαίρων
575 2020 633 2106 την
663 2022 747 2086 ἰδίαν
768 2020 967 2107 ίατάκτησιν.
1017 2025 1073 2086 καί
1085 2021 1166 2086 τότε
1186 2021 1246 2102 μὲν

140 2117 267 2202 ὀύτως·
311 2126 367 2187 τοῦ
388 2119 649 2188 δέΒοτανειάτου
672 2122 730 2208 την
752 2123 970 2208 αύτοκράτορα
992 2123 1246 2208 περιεζωσμένου
1328 2155 1331 2165 s

144 2224 251 2308 α’ρχήν
281 2225 393 2299 δούλας
426 2221 678 2307 αδτεπάγγελτος
704 2227 810 2307 γέγονε
835 2227 891 2287 καί
921 2221 1077 2307 ύπηρέτης
1103 2226 1137 2288 έν
1167 2223 1246 2286 πάσι

96 2325 309 2409 λθπειθήνιος
330 2320 386 2390 καί
405 2328 468 2389 πάν
490 2322 525 2388 τό
547 2325 818 2411 προσταττόμενον
839 2322 992 2405 ἐπιμελῶς
1018 2321 1248 2408 ἐργαζόμενος·

144 2429 204 2493 καί
222 2427 334 2512 λόγους
357 2426 411 2492 διά
425 2430 551 2514 γραφῆς
568 2429 685 2493 δέδωκε
705 2431 762 2510 τῆς
783 2428 938 2513 προτέρας
963 2424 1177 2510 σκληρότητος,
1202 2419 1248 2490 ὅτι

142 2533 306 2616 γλίσχρως
327 2534 382 2595 καί
406 2530 444 2593 ού
460 2531 631 2613 βασιλικός
652 2528 692 2594 τό
707 2530 773 2594 κατ’
791 2526 891 2593 αύτόν
902 2550 936 2591 τε
963 2527 1017 2591 καί
1036 2524 1111 2601 τούς
1133 2519 1247 2613 άλλοος

139 2630 164 2695 d
198 2628 496 2723 προβεβαοιλευκοός
517 2634 745 2717 μετεχειρίζετο
771 2628 956 2723 πράγματα,
984 2635 1054 2704 ταῖς
1081 2624 1248 2713 ύποδημο-
1354 2644 1356 2649 “

125 2728 262 2808 Ισόναις
282 2736 339 2797 τού
362 2735 533 2826 λογοθέτου
555 2730 858 2815 καταδουλούμενος.

143 2859 148 2867 ⁴
220 2868 262 2926 19.
282 2861 493 2945 αὐτοκράτορος
509 2860 558 2925 (λ’

145 3011 249 3082 populo
269 3012 444 3067 comanorum
469 3011 575 3077 multis,
606 3012 696 3079 ignem
725 3009 767 3061 luis
790 3010 943 3062 iniecerunt
967 3016 994 3059 et
1012 3008 1149 3063 combusta
1167 3006 1250 3063 multa

40 3137 57 3151 Ι
145 3085 335 3149 reddiderunt,
356 3084 417 3136 irati
433 3083 580 3150 Bryennio,
601 3083 671 3150 quod
689 3081 773 3151 legati
791 3084 890 3139 leonum
919 3078 967 3134 sub
989 3080 1040 3132 hoo
1063 3080 1095 3133 ab
1114 3081 1248 3134 Adriano.

145 3155 277 3225 politanis
295 3156 393 3209 sublati
409 3164 493 3208 erant.
531 3155 651 3210 exercitu
670 3162 757 3205 autem
779 3144 897 3206 s'tudiose
916 3154 1077 3205 adveniente
1097 3153 1249 3222 effugerunt

145 3229 265 3293 barbari,
284 3244 372 3297 neque
390 3230 442 3282 iam
464 3228 597 3280 Romanos
616 3226 683 3278 fines
702 3226 814 3294 aggredi
835 3226 892 3277 ausi
906 3232 976 3277 aunt.

249 3317 307 3369 lloo
326 3325 413 3369 autem
432 3332 502 3369 anno
521 3316 658 3368 servitutis
684 3315 821 3382 professus
841 3321 882 3366 est
899 3314 977 3367 fidem
995 3314 1055 3381 regi
1080 3312 1248 3381 europalates

147 3388 300 3443 Philaretus
320 3388 488 3441 Baehamius.
525 3389 548 3439 is
569 3388 647 3439 enim'
663 3388 691 3438 in
710 3385 779 3438 locis
804 3386 886 3437 inviis
907 3394 933 3437 et
951 3386 1082 3438 montanis
1102 3393 1128 3436 et
1146 3400 1162 3436 a
1180 3384 1249 3438 Tur.

149 3476 240 3513 esrum
269 3460 410 3513 itineribus
442 3461 552 3513 remotis
577 3458 711 3510 domicilia
730 3472 852 3524 ponens,
872 3458 954 3509 muris
972 3457 1093 3523 plurimis
1112 3458 1249 3526 angustias

148 3533 324 3585 circumdedit
352 3540 378 3583 et
396 3533 503 3584 firmans
526 3532 612 3582 exitus
638 3530 765 3582 invictam
789 3528 886 3581 incolis
912 3537 1008 3580 terram
1030 3528 1063 3581 ab
1086 3530 1249 3583 adversariis

146 3605 278 3657 reddidit:
297 3611 377 3672 atque
394 3603 591 3655 multitudinem
608 3602 795 3655 Armeniorum
815 3608 843 3651 et
860 3600 1020 3654 advenarum
1040 3599 1173 3669 colligens
1194 3600 1248 3653 uim

149 3676 202 3729 sibi
220 3691 369 3745 pugnacem
391 3674 548 3727 conciliavit
567 3681 595 3726 et
610 3671 697 3751 priori
716 3674 776 3743 regi
795 3672 913 3727 invictua
939 3679 1042 3725 enatet
1061 3688 1095 3744 ex
1114 3680 1249 3739 potestate

148 3763 198 3800 sua
216 3748 325 3799 curabat
344 3754 371 3798 et
388 3747 468 3800 urbes
487 3748 767 3816 regiasrecuperavit
786 3752 812 3795 et
837 3745 911 3797 auxit
935 3759 1007 3797 suam
1034 3744 1248 3811 possessionem:

60 3867 66 3879 „
148 3828 229 3887 atque
248 3826 303 3871 tum
320 3820 374 3871 itas
393 3828 533 3887 postquam
552 3825 639 3869 autem
657 3816 813 3868 Botaniates
831 3817 999 3883 imperatoris
1020 3815 1126 3868 indutus
1146 3824 1186 3867 est
1205 3817 1249 3867 di.

149 3892 264 3960 gnitate,
283 3906 378 3944 servus
398 3890 566 3943 voluntarius
586 3889 670 3940 laetus
690 3895 772 3940 estet
792 3888 959 3939 ministeriu
980 3886 1101 3939 omnibus
1121 3886 1249 3939 obediens

149 3971 230 4031 atque
249 3962 347 4026 omnia,
367 3978 435 4030 quae
453 3961 660 4029 imperabantur,
680 3960 799 4011 studiose
812 3958 887 4023 lecit,
907 3966 934 4009 et
947 3958 1065 4028 rationes
1084 3957 1171 4011 literis
1185 3960 1248 4011 red.

149 4033 216 4086 didit
233 4034 331 4102 prioris
359 4035 541 4101 pertinaciae,
553 4032 637 4102 'quod
665 4046 747 4099 parce
766 4031 950 4099 neque‘regie
975 4044 1028 4093 res,
1048 4044 1117 4097 quae
1136 4030 1169 4081 ad
1190 4044 1249 4081 eum

147 4099 177 4157 et
203 4113 308 4158 ceteros
327 4104 521 4176 spertinebmt,
541 4106 616 4174 prior
633 4119 683 4157 rex
699 4110 850 4168 tractasset,
870 4100 990 4156 consiliis
1007 4099 1164 4173 logothetae
1183 4100 1248 4156 sub..

146 4178 243 4233 iectus.
329 4217 332 4221 -
522 4201 524 4204 ·
