2967 4825
259 324 306 400 to
549 330 771 405 tucnnnms·
801 329 1061 439 arumromu
1130 316 1134 319 ’

257 491 330 567 σίας
352 484 448 578 όβριν
470 497 638 559 παθοῦσαν
662 492 841 578 ἀνήκεστον.
863 490 958 577 ἔσχον
979 484 1037 591 σόν
1054 494 1121 591 τοῦ,
1135 494 1260 557 δικαίου
1281 492 1366 556 rori·

255 616 311 657 του
333 594 535 677 συλλήπτορα
549 594 653 678 ,ζήλου
678 598 732 660 καί
740 596 796 662 τὸν
818 586 998 680 ἁγιώτατον
1010 598 1121 659 τοῦτον
1135 588 1248 684 ἄνδρα.
1271 593 1367 657 Ἀλέ-

133 692 135 701 '
162 713 188 749 f·
227 698 318 773 «31⁰3
339 684 388 777 ἦν,
412 690 427 759 ὃ
448 693 507 777 πρό
531 697 588 759 τοῦ
617 695 673 780 τήν
702 692 881 780 μοναχικὴν
905 695 1068 758 πολιτείαν
1090 689 1364 777 ἀκριβωσόμενος.

249 791 309 859 καί
331 792 503 876 ἀνοίγουσι,
536 796 645 884 γνοόμη
678 800 732 861 καί
758 801 849 862 τινοῖν
872 799 934 860 ταῖν
962 797 1097 878 ε’ντέλει,
1119 792 1178 878 τὴν
1200 790 1381 876 ὁμαίμονα·

253 897 308 979 τῆς
329 895 493 981 παθούσης
516 900 680 983 δεσποίνης
711 888 887 981 (Θεοδόρα
911 895 1013 984 ταύτῃ
1036 896 1070 961 τό
1096 885 1211 983 ὄνομα)
1236 898 1269 975 έξ
1290 888 1390 969 ἓνόςο
1424 973 1427 975 v

252 999 314 1062 τόν
327 1001 486 1081 Πτερίων,
501 996 534 1063 έν
554 988 578 1087 ᾧ
601 999 729 1084 χρόνοις
752 1004 876 1072 πολλοῖς
899 999 1065 1075 ἰδιωτικῶς
1085 998 1257 1080 μονονουχὶ
1274 996 1363 1078 ἐβιό-

251 1122 352 1165 τενσε.
397 1102 543 1163 πείθουσι
567 1099 628 1183 γὰρ
655 1092 755 1184 αότὴν
775 1097 958 1181 γυναικείας
979 1099 1091 1175 αἰδοῦς
1115 1100 1168 1163 καί
1191 1097 1364 1172 ἀσθενείας

227 1199 485 1281 Ιἐπιλαθέσθαι,
513 1204 567 1265 καί
586 1200 708 1275 τούτοις
737 1188 952 1283 ἀκολουθῆσαι
974 1202 1178 1285 παρασκευῆς
1200 1194 1284 1263 oritur
1305 1195 1374 1261 καί·

251 1297 376 1385 γνώμης
398 1298 520 1382 έχουσι,
541 1298 645 1365 πόντα
668 1300 787 1390 ῥηιδίως
810 1296 907 1363 οἴσειν
929 1302 983 1364 καί
993 1301 1107 1385 ταύτης
1128 1300 1363 1385 προκινδυνειῖ·

251 1424 306 1465 σαι
330 1386 462 1484 καὶτῆς
497 1400 700 1487 αδταδέλφης
735 1398 920 1485 αότῆς,καί
941 1403 1045 1487 φόβου
1070 1398 1188 1476 παντός
1209 1396 1412 1468 eluelid-10

251 1502 379 1581 ξαικαί
399 1502 546 1567 κινδύνου
578 1504 634 1567 τοῦ
666 1491 889 1585 πολεμήτορος.
940 1506 1136 1587 έποχηθεῖσα
1170 1502 1276 1565 τοίνυν
1307 1503 1362 1587 ἐφ’

250 1607 347 1669 ἵππον
368 1602 505 1687 πρόεισι,
531 1608 793 1691 δορυφορουμένη
825 1608 979 1685 λαμπραῖς
999 1602 1210 1689 μυριόνδροις
1240 1597 1362 1683 όπλοις,

156 1759 160 1765 .
252 1708 306 1786 καί
324 1712 484 1792 φυλακαῖς
519 1706 743 1787 όκαθαιρέτοις
773 1708 1019 1789 περιειλημμένη
1041 1704 1098 1768 καί
1127 1710 1363 1787 προκατειλημ-

251 1810 329 1891 μένη
349 1805 405 1883 τοὶς
430 1806 598 1889 διεξόδους,
622 1792 746 1887 ὁμοίως
760 1802 814 1870 διό
835 1808 933 1891 μέσης
944 1809 1000 1889 τῆς
1018 1804 1148 1886 πόλεως,
1169 1804 1254 1897 παρό
1278 1802 1364 1868 πόν-

252 1932 315 1973 των
345 1908 591 1993 ου’φημοομένη,
629 1910 685 1971 καί
711 1912 945 1991 προτρεπομένη
979 1904 1022 1989 μὴ
1054 1908 1201 1972 ἐνδοῦναι
1223 1903 1303 1987 πρὸς
1323 1903 1412 1982 ro'15

253 2008 418 2092 α’γοόνισμα
444 2012 498 2073 καί
517 2007 574 2093 τὴν
591 2011 650 2073 τοῦ
674 2009 844 2088 α’ναερέτου
861 2006 1058 2092 καθαίρεσιν.
1082 2010 1281 2101 διασωθεῖσα
1303 1999 1363 2070 σόν

252 2108 332 2193 πρός
352 2108 408 2173 τὸν
428 2106 613 2194 περιβόητον
642 2110 697 2172 καί
730 2113 819 2171 θεῖον
840 2106 918 2174 ναόν
941 2104 1076 2193 ἑσπέρας
1110 2098 1206 2193 οὔσης
1223 2111 1363 2195 βαθείαις

252 2204 373 2287 ἄνεισιν
393 2212 438 2287 εἰς
460 2208 516 2286 τός
538 2218 594 2274 τοῦ
610 2207 812 2296 πατριάρχου
836 2208 1005 2294 διαγωγάς,
1029 2210 1143 2297 καὶτῷ
1164 2207 1280 2292 πλήθει
1303 2208 1363 2283 τός

253 2301 347 2393 ὄψεις
377 2313 475 2395 ου’τῆς
504 2314 549 2385 εἰς
582 2309 632 2376 τόν
664 2301 741 2375 ναόν
764 2314 939 2397 ἐπαφίησι·
983 2313 1038 2375 καί
1064 2318 1140 2395 παρ’
1163 2309 1289 2376 ἐκείνων
1313 2306 1363 2376 ἔτι

253 2417 512 2498 παρεγγυηθεῖσα
543 2418 678 2498 θαρρεῖν
709 2406 791 2478 οὕτω
815 2415 1067 2496 διανυκτερεύει,
1100 2415 1411 2498 συγκολεσαμένηγρ

114 2534 132 2588 r,
156 2531 206 2590 170
221 2550 242 2586 r.
252 2511 373 2590 πάντας
393 2514 466 2592 τοὺς
491 2518 525 2581 έν
546 2521 627 2582 τέλει
650 2519 785 2598 ταχέως,
809 2517 865 2578 καί
892 2513 1010 2590 παντός
1033 2515 1206 2596 ψιλόσασα
1227 2513 1281 2580 τόν
1301 2516 1363 2579 α’ν-

252 2619 429 2699 τικείμενον
458 2621 593 2699 βασιλέα
627 2615 802 2698 δυνάμεως,
824 2611 928 2699 οἷρχός
949 2639 983 2679 τε
1006 2613 1107 2691 εόθός
1136 2617 1284 2701 λαμπρός
1305 2619 1365 2680 καί

253 2715 484 2802 όγορανομικός
509 2718 719 2812 ἀποδείξασα,
742 2716 797 2782 καί
818 2715 852 2782 τὸ
864 2717 978 2802 κρότος
989 2721 1043 2802 τῆς
1062 2720 1227 2800 βασιλείοις
1250 2720 1363 2797 δεξιῶς

252 2813 500 2905 περιεζωσμένη.

328 2971 373 3025 ιιι
390 2971 507 3044 spioni
602 2949 656 3028 ἰο
678 2984 739 3044 pon
757 2977 862 3044 ιιιειι
881 2977 956 3030 uest
975 2956 1068 3031 nescii
1087 2981 1158 3047 quid.

237 3121 320 3169 rum.
359 3109 485 3179 (Alexius
514 3105 599 3178 erat,'
614 3115 659 3181 qui
681 3123 760 3167 antea
786 3116 967 3168 monachicam
992 3117 1245 3170 administrationem
1264 3117 1360 3172 corre.

228 3179 231 3184 ’
254 3185 354 3250 xerat).
375 3189 401 3234 et
418 3183 540 3235 referunt
557 3185 585 3234 in
599 3189 752 3238 memoriam
773 3190 851 3238 etiam
870 3189 1032 3256 quorundam
1048 3191 1160 3256 imperio
1179 3191 1361 3258 praeditorum

254 3260 393 3319 cognatam
412 3263 524 3306 vexatae
545 3256 679 3308 dominae
696 3258 850 3326 (Theodora
875 3260 937 3310 buic
965 3269 1022 3312 erat
1047 3267 1158 3331 nomen)
1180 3277 1214 3314 ex
1231 3279 1285 3314 σου
1304 3263 1360 3316 Ρε.

253 3325 373 3388 triorum,
394 3325 421 3376 in
443 3342 495 3394 quo
515 3326 613 3395 multos
626 3344 710 3382 annos
731 3329 851 3382 solitaria
865 3346 952 3398 paene
965 3333 1087 3383 vixerat:
1107 3333 1267 3400 persuadent
1288 3336 1361 3386 enirn

253 3397 289 3460 ei,
310 3404 339 3446 ut
356 3397 493 3450 muliebris
514 3400 658 3465 pudicitiae
680 3408 707 3451 et
732 3401 892 3453 infirmitatis
912 3403 1088 3455 obliviscatur
1109 3413 1136 3455 et
1162 3404 1210 3456 bos
1232 3415 1361 3476 sequatur

253 3469 299 3536 qui
320 3471 525 3535 praeparatione
544 3470 581 3521 ita
601 3478 627 3522 et
646 3469 762 3522 consilio
779 3475 903 3523 instructi
922 3474 984 3536 sint,
1004 3482 1032 3525 ut
1054 3477 1142 3526 omnia
1161 3476 1242 3527 facile
1261 3492 1375 3546 repor:

253 3539 333 3590 taturi
351 3541 404 3591 sint
425 3549 452 3591 et
471 3541 583 3608 probae
604 3543 715 3608 eiusque
732 3557 826 3595 sorore
843 3546 995 3611 pugnaturi,
1015 3561 1126 3614 comque
1143 3547 1176 3598 ab
1196 3552 1267 3600 omni
1286 3559 1360 3602 metu
1402 3549 1406 3552 ’

252 3608 391 3661 liberaturi
410 3612 464 3663 sint
485 3620 523 3662 et¹
541 3612 662 3679 periculo
680 3611 757 3663 belli.
783 3623 861 3666 vecta
879 3617 961 3683 igitur
981 3632 1050 3684 equo
1068 3620 1239 3686 progreditur
1262 3623 1362 3688 stipata

253 3679 391 3747 splendide
415 3683 651 3735 innumerabilibus
676 3686 755 3737 armis
783 3695 810 3737 et
841 3687 983 3754 praesidiis
1014 3689 1123 3740 invictis
1156 3706 1313 3759 oppugnans
1333 3702 1362 3745 et

254 3766 388 3818 occupans
409 3755 494 3806 exitus
513 3757 613 3820 pariter
636 3770 684 3821 per
712 3758 824 3809 mediam
852 3756 963 3824 urbem,
983 3760 1015 3811 ab
1036 3761 1157 3813 omnibus
1177 3761 1315 3816 celebrata
1334 3773 1362 3816 et

254 3823 395 3888 admonita,
415 3841 449 3878 ne
468 3827 576 3878 cederet
594 3827 621 3877 in
644 3831 790 3881 certamine
810 3839 837 3882 et
854 3831 1003 3896 parricidae
1020 3847 1097 3882 nece.
1121 3835 1284 3900 perveniens
1303 3837 1361 3904 igi-

253 3902 296 3945 tur
313 3895 345 3945 ad
364 3895 464 3962 clarum
487 3906 513 3949 et
532 3898 649 3949 divinum
662 3900 788 3967 templum
807 3918 866 3952 oum
886 3917 984 3968 vesper
1000 3913 1072 3956 esset
1083 3905 1241 3972 profundus,
1260 3923 1360 3959 ascen-

253 3965 292 4016 dit
310 3967 337 4017 in
356 3969 523 4032 patriarchae
549 3968 633 4020 cellas
660 3977 686 4021 et
713 3973 741 4023 in
768 3973 963 4025 multitudinem
990 3974 1085 4028 oculos
1104 3991 1166 4027 suos
1185 3979 1213 4028 in
1231 3979 1362 4046 templum

253 4036 356 4106 deligit,
378 4048 404 4090 et
423 4039 456 4091 ab
473 4040 528 4092 illis
545 4042 629 4108 magis
650 4040 792 4109 admonita,
813 4053 843 4097 ut
862 4046 1007 4113 tranquillo
1038 4056 1109 4100 essct
1129 4049 1227 4112 animo,
1247 4050 1285 4102 ita
1305 4065 1359 4101 no.

253 4115 321 4160 ctem
338 4111 377 4162 ibi
401 4111 490 4178 degite
514 4121 653 4180 postquam
682 4117 845 4168 convocavit
870 4118 971 4183 omnes,
1000 4120 1045 4187 qni
1064 4135 1123 4170 cum
1141 4120 1253 4186 imperio
1274 4129 1360 4185 erant,

253 4179 381 4234 celeriter
403 4190 430 4234 et
448 4185 519 4234 omni
537 4186 648 4237 nudavit
666 4189 817 4253 oppositum
836 4203 927 4257 regem
954 4192 1087 4257 potentia,
1107 4199 1253 4257 potestates
1271 4195 1361 4245 statim

252 4252 405 4320 splendidas
418 4263 445 4306 et
459 4255 591 4309 aedilitias
606 4259 743 4310 constituit
761 4267 788 4310 et
799 4261 943 4326 potentiam
953 4263 1031 4328 regni
1049 4271 1110 4331 apte
1121 4263 1172 4314 sibi
1191 4264 1358 4316 conciliavit.
1426 4304 1433 4308 -
