2967 4825
449 256 766 340 gnrsronra.
950 241 980 277 *
1139 252 1210 338 ras

114 414 170 477 rod
188 410 281 497 ἐαρος
304 409 543 498 δαανοίγοντος,
580 417 655 541 περί
676 417 778 503 ου’τήν
799 417 857 527 τήν
881 419 1003 504 ἡμέραν
1025 421 1081 505 τῆς
1101 424 1211 543 ἐπισή-

114 536 174 595 μου
197 518 362 601 λεγομένης
382 517 637 599 ο’ρθοδοξίας,’
621 510 693 606 ινή
716 513 917 606 φυλοκρινεῖν
939 520 1013 596 rodo
1036 519 1212 607 αἱρετικυίις

115 612 173 679 dni
195 620 257 682 τεόν
279 618 459 700 όρθοδόξων
480 623 534 683 καί
554 623 734 700 α’ναθέματι
768 621 1022 704 καθυποβόλλειν
1043 622 1117 701 συός
1142 621 1211 690 ἐτε-

113 717 260 799 ροδδξους
282 722 320 803 τῇ
341 722 487 841 ἐκκλησίφ
509 718 698 802 νενόμισται,
721 725 767 799 εἰς
786 721 824 789 τό
849 724 911 787 τῶν
929 726 1046 807 Ἠρίων
1070 728 1211 795 natiue
1260 791 1263 799 ,

89 813 191 881 δκατό
212 816 248 881 τό
273 814 349 894 ἐθος
366 823 598 906 πρασοίρμησε,
619 826 656 943 τή
676 821 736 908 πρό
762 822 862 907 αὐτῆς
884 823 1041 943 ήμέρφ
1006 850 1062 911 την
1084 828 1210 911 ἐτησιαν

112 920 296 1003 φιλοτιμίαν
326 921 383 1005 τήν
415 920 632 1009 λεγομὲνην“
613 921 711 1022 ρόγαν
732 932 798 1001 τοῖς
825 927 1012 1008 partorum*
1001 931 1069 1013 τής
1093 931 1210 1014 βουλῆς

112 1023 332 1102 καταθέμενος.

229 1125 530 1211 Διαπεραιουμένου
549 1130 590 1195 ,δ’
610 1127 708 1191 αὐτοῦ
739 1124 793 1191 τόν
822 1127 1041 1213 Χαλκηδόνιον
1065 1110 1209 1215 πορθμόν

110 1222 274 1308 περιστερά
301 1229 346 1301 τίς
365 1231 464 1290 ποθεν
495 1223 653 1312 incaptus]
683 1230 723 1291 ου’
744 1228 829 1293 πάνυ
861 1255 892 1293 τι
913 1230 1032 1313 λευκή,
1067 1230 1144 1315 πρός
1171 1230 1205 1298 τό
1268 1275 1271 1280 ·

73 1327 206 1406 λθμδλαν
228 1327 264 1389 δὲ
284 1322 319 1391 τό
346 1332 490 1393 πλείσταν
510 1328 609 1410 αδτής
632 1329 870 1416 δποφαίνουσα,
893 1328 950 1412 τήν
973 1318 1136 1416 φέρουσαν
1156 1332 1208 1400 τόν

108 1421 239 1506 βασιλέα
278 1431 338 1509 νήα
370 1423 542 1512 ἐπήρχετο,
574 1431 633 1506 ἓως
667 1430 711 1505 εἷς
740 1424 838 1495 ου’τὸν
867 1434 985 1497 ἐκεῖνον
1012 1438 1208 1500 καθεσθεῖσα

52 1565 55 1568 ,
106 1526 198 1610 ’χερσί
227 1535 297 1604 ταίς
319 1530 421 1593 celnod
455 1528 655 1616 προσερρόη·
698 1532 841 1608 κάκείνας
864 1531 982 1618 ταύτην
1010 1535 1048 1619 τῇ
1066 1537 1210 1616 βασιλίδι

107 1629 283 1709 α’νέπεμψε,
304 1628 379 1714 περί
399 1630 479 1696 aelst
503 1629 542 1695 τό
565 1631 727 1717 α’νοὶκτορα
749 1635 804 1716 τῆς
826 1633 944 1710 πόλεως
965 1634 1051 1719 παρὰ
1073 1636 1109 1701 τὸ
1134 1638 1210 1703 εἰω·
1300 1711 1303 1716 Α

20 1727 41 1735 ”
107 1724 161 1803 θός
184 1729 384 1818 ἐπιμεινοίση.
441 1734 532 1798 τοῦτο
561 1735 596 1798 δὲ
618 1731 779 1815 σύμβολον
800 1735 902 1800 ἐδόκει
929 1734 1106 1821 μελλούσης
1124 1736 1209 1813 τινός

72 1828 313 1913 ἱέίποβυίσεως,
336 1831 394 1896 orla
417 1832 561 1919 ἰσότητος
584 1836 619 1898 δὲ
638 1837 693 1899 καί
714 1831 899 1921 ὁμοφωνίας
919 1846 984 1911 τοῖς
1007 1847 1103 1902 τοῦτο
1122 1864 1208 1921 συμ-
1220 1857 1239 1910 t.
1251 1856 1301 1912 195
1313 1872 1337 1915 ι.

105 1928 279 2015 βάλλουσιν
307 1935 416 1998 ἐδίδου
445 1932 641 2021 παράθεσιν,
674 1936 742 2000 α’λλ’
768 1935 801 1999 ot
826 1941 886 2017 μὲν
908 1936 988 2022 πρός
1009 1936 1043 2003 τό
1067 1948 1209 2025 κρεῖττον

106 2030 137 2096 οἳ
146 2035 190 2097 ’δέ
217 2031 299 2117 πρὸς
317 2031 353 2097 τό
374 2042 483 2119 χεῖρον
501 2033 557 2117 τήν
578 2033 709 2117 ἔκβασιν
726 2037 969 2121 προεσήμαινον.
1014 2037 1034 2122 ή
1057 2040 1092 2103 δέ
1111 2034 1209 2123 βασι-

104 2135 150 2208 tic
178 2134 211 2199 εἰ
233 2134 289 2198 καί
308 2136 487 2221 ἀμφίβολος
512 2136 557 2222 τῷ
589 2140 727 2217 βασιλεῖ
750 2138 806 2201 καί
832 2118 1015 2221 ἐσόμβατος
1043 2132 1081 2223 ήν
1113 2142 1146 2204 ἐν
1169 2143 1209 2227 τῇ

103 2236 279 2322 προπομπῇ
312 2237 367 2299 καί
393 2228 459 2302 οἷον
491 2233 694 2321 α’μφήριστος
726 2234 761 2301 ἐκ
792 2240 886 2301 τινῶν
914 2245 983 2315 τοῖς
1010 2245 1209 2307 συνοικοῦσιν

18 2376 23 2381 -
66 2336 403 2420 λθέπισυμβαινσυσοῖν
417 2332 580 2423 θρόψεων,
601 2337 682 2402 α’λλά
697 2362 732 2422 γε
751 2340 791 2427 τῇ
804 2342 881 2423 πρὸς
892 2338 950 2404 τόν
971 2333 1071 2425 ἄνδρα
1092 2343 1209 2430 στοργή
1270 2344 1285 2397 .‘

18 2500 19 2503 ,
103 2443 358 2526 καταπονηθεῖσα
383 2437 462 2526 πρός
493 2443 602 2505 τοῦτον
625 2441 670 2514 εἰς
692 2438 750 2524 τήν
775 2443 928 2508 ἐπιοῦσαν
950 2444 1208 2529 διεπεπεραίωτο,

103 2541 154 2607 καί
182 2539 261 2624 πρὸς
287 2542 407 2627 ήμέρας
434 2539 523 2618 τινός
560 2538 781 2626 καρτερήσασα
809 2541 863 2607 καί
895 2542 950 2608 τόν
982 2542 1208 2629 συντακτήριον

18 2712 19 2719 ,
102 2644 196 2729 λόγον,
212 2644 268 2709 καί
288 2644 402 2728 τρόπον
423 2645 671 2726 α’ποσεμνίνασα
694 2644 807 2710 νόστου
828 2669 861 2709 τε
879 2643 1044 2731 ἐμνήσθη,
1067 2637 1208 2711 ια’κιῖνον

18 2770 19 2773 ’
102 2748 145 2822 εἰς
163 2743 224 2830 τήν
245 2739 328 2810 {clos
349 2741 428 2826 μετδ
451 2747 528 2810 τῶν.
544 2743 708 2814 εἰωθότων
739 2750 1010 2833 προπεμπτηρίων
1036 2746 1204 2816 ἐπίλυσιν.

18 3086 19 3089 ¹
102 3037 202 3085 verae,
223 3034 276 3088 quo
296 3035 439 3071 secernere
460 3019 611 3072 haereticos
630 3020 663 3073 ab
686 3019 844 3072 orthodoxis
871 3028 897 3072 et
916 3019 1099 3087 deprecationi
1118 3018 1205 3074 subii.

103 3109 163 3145 cere
184 3092 259 3144 aliud
277 3092 417 3143 credentes
437 3091 571 3143 ecclesiae
588 3107 646 3143 mos
667 3099 728 3156 est,
749 3092 782 3143 ed
802 3092 874 3143 veris
893 3091 991 3159 palatia
1012 3106 1046 3143 ex
1062 3106 1136 3143 more
1155 3109 1204 3144 oc.

103 3165 197 3228 cessit,
219 3171 359 3231 postquam
380 3163 520 3228 superiore
540 3163 583 3214 die
603 3179 717 3214 annuum
737 3163 886 3214 honestatis
906 3169 1050 3226 certamen,
1070 3178 1139 3230 quae
1160 3163 1203 3215 di-

103 3237 169 3286 citur
190 3249 259 3303 roga
278 3234 453 3302 (stipendium
473 3249 494 3284 s.
513 3235 697 3302 donationem)
729 3233 896 3301 principibus
916 3241 1024 3285 senatus
1044 3233 1166 3284 instituit.

199 3323 360 3375 Traiiciente
379 3331 466 3373 autem
487 3338 519 3373 eo
540 3322 737 3375 chalcedoniae
757 3321 864 3386 fretum,
885 3321 1006 3374 columbo
1027 3320 1097 3372 forte
1117 3321 1202 3374 advo.

104 3396 169 3459 lans,
193 3410 248 3446 non
269 3395 376 3444 omniuo
398 3392 468 3457 alba,
487 3395 534 3445 sed
551 3395 709 3463 nigrescens
735 3394 850 3460 plurimo
871 3407 1000 3476 corpore,
1019 3407 1113 3443 navem
1134 3385 1202 3461 quiae

101 3481 191 3535 regem
212 3465 330 3517 ferebat
338 3465 418 3528 adiit,
438 3466 551 3516 donec
543 3481 570 3516 rn
594 3464 697 3516 illum
689 3480 775 3533 ipsum
795 3465 946 3516 assidens'
939 3479 966 3514 m
984 3478 1075 3514 manus
1095 3464 1153 3516 eius
1172 3479 1202 3516 se

101 3538 269 3590 insinuabat:
291 3546 371 3605 atque
389 3502 438 3587 ille
456 3536 573 3587 hance
543 3553 557 3588 r
594 3537 656 3587 inae
675 3538 757 3599 misit,
776 3544 845 3603 quae
857 3537 891 3586 in
910 3535 986 3603 regia
1004 3534 1076 3586 urbis
1096 3541 1203 3602 praeter

102 3610 208 3663 solitum
228 3615 400 3661 nemansensi
421 3607 473 3664 hoc
493 3553 624 3660 aute}
603 3609 705 3676 signum
726 3606 867 3659 videbatur
887 3606 968 3657 futuri
988 3605 1122 3658 cuiusdam
1141 3607 1202 3657 exi.

100 3689 157 3733 tus
182 3697 272 3750 neque
293 3695 359 3733 vero
379 3679 560 3731 similitudinis
592 3686 618 3730 et
636 3679 821 3730 harmoniae
814 3679 848 3729 ris
867 3679 912 3746 qui
939 3677 991 3729 hoc
1011 3683 1202 3761 componerent

102 3753 171 3806 dedit
190 3752 422 3819 comparationem
466 3751 513 3803 sed
541 3735 588 3802 alii
607 3751 640 3801 ad
657 3750 764 3813 melius,
792 3749 839 3801 alii
860 3749 892 3800 ad
911 3751 987 3816 peius
1007 3749 1105 3801 exitum
1123 3747 1201 3802 antea

101 3825 262 3877 referebant
281 3823 375 3890 regina
394 3831 482 3874 autem
501 3822 566 3874 licet
584 3824 687 3873 incerta
705 3822 763 3888 regi
783 3829 810 3872 et
829 3819 1063 3872 inconciliabilis
1056 3836 1084 3871 rn
1103 3835 1200 3887 pompa

103 3903 128 3947 et
147 3897 224 3965 qnasi
243 3910 343 3961 anceps
363 3893 409 3944 ob
417 3895 541 3962 quasdam
560 3900 701 3945 consuetas
724 3890 884 3959 coningibus
903 3891 1025 3955 delicias,
1045 3891 1092 3943 sed
1111 3899 1199 3944 tamen

102 3982 191 4021 amore
213 3969 268 4019 riri
285 3967 392 4019 devicta
417 3967 450 4017 ad
475 3966 545 4016 hunc
564 3972 672 4032 postero
699 3964 742 4014 die
768 3971 935 4030 transgressa
954 3970 1039 4014 estet
1059 3970 1200 4032 postquam

102 4051 148 4105 per
167 4040 226 4091 dies
242 4033 387 4091 nonnullos
407 4037 444 4088 ibi
466 4045 571 4089 versata
592 4043 678 4087 estet
704 4035 866 4086 secessionis
885 4047 1034 4085 sermonem
1055 4041 1082 4085 et
1098 4049 1200 4086 morern

103 4110 259 4174 celebrarit,
277 4109 377 4161 reditus
395 4109 551 4158 meminerat
570 4117 597 4160 et
617 4107 693 4159 illum
713 4106 746 4158 ad
776 4103 936 4158 orientalem
954 4113 1051 4157 terram
1073 4121 1131 4158 curu
1151 4120 1198 4160 so·

101 4179 156 4236 litis
174 4181 371 4250 prosecutionis
389 4179 466 4236 lestis
482 4180 589 4234 dimisit
