2967 4825
281 221 357 312 pcc
577 214 798 305 urcnunus
828 173 1089 284 umidioris

283 376 510 476 προσῆγγισαν,
531 387 585 450 καί
605 381 719 468 ταύτην
741 381 1015 466 περικαθίσαντες*
1034 375 1088 476 νόν
1110 369 1197 455 παρά
1219 369 1395 486 τοόνΙΜα-

284 492 422 562 κτδόνων
444 476 711 573 προχειρισθέντα
727 481 863 568 βασιλέα
881 480 1035 561 πατάξειν
1048 477 1207 562 preciove,
1220 494 1301 554 μετα
1320 467 1392 532 ταῖν

283 596 511 677 συναραμένων
535 591 591 652 κατ’
610 583 856 670 συνδραμόντων
879 584 974 670 αότρῖ.
1019 574 1133 652 ἄλλους
1168 577 1203 640 δέ
1222 595 1309 652 τινας
1333 593 1399 634 τα-

281 697 458 780 χυέρομεῖν
482 692 678 776 ἠσκημένους
693 685 781 760 κατά,
797 691 852 770 τῆς
874 682 983 768 χωρας
1009 685 1211 763 ἐξέπεμψαν,
1233 677 1266 739 ot
1283 674 1399 738 πᾶσαν

285 792 367 877 όμοῦ
391 787 649 877 κατελωβήσαντο
668 790 723 854 καί
738 785 932 873 διήρπασαν,
954 781 1051 870 φόνον
1072 784 1130 861 μὲν
1153 773 1252 842 πολόν
1272 778 1336 839 τῶν
1361 775 1424 837 ε’ν5

285 896 394 981 άγροῖς
422 895 647 979 ποιησάμενοι,
669 891 789 975 κτηνῶν
818 892 852 953 δὲ
876 882 1052 969 ἀμυθήτων
1076 883 1190 965 α’γέλας
1212 879 1398 954 ἐλάσαντες,

286 1000 342 1062 καί
362 993 436 1061 addi
458 999 491 1060 ἓν
509 990 593 1070 εἶδος
614 987 781 1066 κακώσεως
803 987 1037 1076 παραλιπόντες
1058 991 1122 1059 τοῖς
1146 979 1330 1062 κάμνουσιν.
1379 971 1397 1039 ό

287 1101 323 1167 δέ
343 1101 517 1181 Βρυέννιος
549 1088 721 1178 έν·πλη’θει
741 1093 1011 1180 καίὶιίγερωχίαις
1040 1081 1239 1181 τὸιιτρόσθεν
1261 1078 1399 1161 καυχοό-
1437 1117 1447 1128 a

195 1197 200 1208 '
286 1220 392 1282 μενος,
414 1196 525 1280 οἷγενὴς
546 1192 647 1282 ε’φάνη
671 1191 747 1278 πρός
768 1193 841 1268 τοός
862 1188 1048 1276 βαρβάρους
1070 1184 1124 1250 καί
1136 1178 1258 1266 deosve,
1277 1183 1334 1247 καί
1358 1178 1396 1244 τό

288 1308 393 1381 τεῖχος
417 1301 474 1380 τῆς
495 1299 553 1361 τοῦ
573 1299 747 1380 Ἀδριανοῦ
769 1287 959 1380 καταφυγὴν
978 1285 1045 1373 εἶχε
1066 1289 1176 1372 μόνην,
1197 1283 1234 1348 od
1254 1279 1310 1366 τόν
1332 1283 1399 1346 τῶν
1410 1287 1441 1338 10

289 1395 605 1481 όπλωνάνττθεσιν,
644 1396 702 1472 έως
734 1392 828 1478 λιμός
859 1395 1039 1480 βαρύτατος
1068 1389 1157 1466 τ’ντός
1190 1381 1400 1470 κατατρύχων

290 1501 389 1566 ον’τόν
407 1498 462 1562 καί
482 1498 556 1574 τοὺς
588 1496 648 1562 σόν
670 1496 771 1582 αὐτῷ,
801 1493 884 1577 μετά
912 1495 1015 1578 πάσης
1046 1496 1100 1578 τῆς
1131 1491 1228 1556 ἵππου
1258 1483 1398 1550 καὶτῶν

291 1594 470 1683 ὑποζυγίων
493 1600 627 1680 carmos
647 1597 805 1680 ἠνάγκασε
839 1605 904 1670 τοῖς
937 1592 1113 1678 βαρβάροις
1142 1591 1320 1658 συνθέσθαι
1343 1587 1400 1650 κατ’

291 1699 392 1766 πάντα
423 1702 543 1783 πρᾶξαι
570 1698 609 1764 τό
634 1699 711 1781 παρ’
733 1698 838 1763 αότοόν
866 1691 1153 1781 προσταττόμενα·
1181 1687 1398 1772 συναθροίσας

293 1795 351 1864 οὖν
372 1804 508 1884 χρυσίον
541 1795 639 1881 ἁδρόν
670 1801 703 1876 ἐξ
731 1794 848 1863 ἑαυτοῦ
883 1795 938 1862 καί
962 1799 1023 1862 τῶν
1051 1789 1397 1887 συναποσταρησάντων
1409 1796 1439 1848 15

293 1902 401 1992 αότρῖ,
437 1909 503 1975 τοῖς
531 1899 754 1978 Πατζινόκαις
780 1901 974 1980 ἀ’ντιλυτρον
998 1899 1134 1963 δέδωκεν
1166 1892 1205 1957 od
1225 1898 1314 1975 μεῖον
1334 1892 1397 1954 τῶν

296 2004 396 2068 εἴκοσι
416 2004 578 2066 ταλάντων
605 1993 672 2084 ἦτοι
702 2000 912 2086 κεντηναρίων
933 1996 1201 2084 περιιστάμενον,
1225 1991 1285 2060 σόν
1311 1991 1398 2079 αὐτῷ

294 2107 329 2170 δέ
351 2100 406 2167 καί
426 2100 628 2187 ὑφασμάτων
639 2105 695 2166 καί
714 2102 863 2186 α’ργυρῶν
881 2103 1004 2166 σκευῶν
1024 2093 1080 2164 οόκ
1095 2100 1263 2181 ἐλάχιστον
1274 2098 1395 2192 χρῆμα.

294 2206 350 2270 καί
365 2207 475 2270 τοῦτον
498 2200 553 2268 τόν
577 2203 694 2288 τρόπον
710 2205 933 2287 α’παναστῆναι
953 2201 1026 2276 τοός
1041 2199 1264 2291 Πατζινάκους
1285 2200 1320 2262 ἐκ
1343 2195 1398 2278 τῆς

295 2308 478 2389 πολιορκίας
502 2306 639 2370 διέθετο.
682 2309 785 2387 μένων
809 2307 844 2368 δὲ
866 2302 946 2368 κατό
969 2303 1080 2387 χάραν
1094 2298 1303 2388 ἠργυρολόγει
1325 2297 1438 2373 redcat

296 2405 508 2487 πειθομένους
530 2408 628 2493 crispi,
650 2406 731 2490 πρός
752 2404 904 2487 μέν-τούς
937 2405 1098 2478 ἐναντίους
1121 2399 1176 2467 καί
1197 2396 1396 2487 άλλοφόλονς

296 2508 389 2571 ου’όέν
410 2513 556 2590 γενναῖον
588 2504 841 2586 ἐπιδειξάμενος,
874 2506 942 2569 ἀλλ’
971 2501 1077 2589 οόσπερ
1099 2527 1146 2579 τις
1174 2499 1261 2580 πτάξ
1284 2500 1317 2565 έν
1339 2494 1396 2588 όλῃ

300 2601 400 2681 οὕτως
417 2609 450 2671 έν
470 2616 535 2681 τοῖς
548 2608 669 2691 τείχεσι
683 2609 737 2691 τῆς
759 2604 1051 2691 Ἀδριανουπόλεως
1073 2603 1298 2689 κρυπτόμενος,
1321 2600 1396 2684 πρός

371 2769 397 2820 1.
415 2737 472 2825 τόν
488 2771 556 2839 περὶ
574 2768 694 2822 correxit
710 2768 853 2822 Brunotus.

300 2915 453 2969 obsidentes
470 2931 563 2984 regem
583 2932 599 2967 u
617 2916 806 2971 Macedonibus
833 2925 949 2974 creatum
975 2931 1005 2970 se
1033 2930 1207 2984 percussuras
1233 2915 1396 2968 minabuntur

300 3004 360 3040 cum
377 2988 421 3051 iis,
438 2988 485 3055 qui
504 2988 606 3039 auxilio
623 2998 755 3040 venerant
776 3000 879 3042 etcum
899 3006 930 3041 eo
957 2990 1094 3041 coierant:
1120 2988 1189 3041 alios
1219 2996 1327 3052 autam,
1351 2988 1394 3055 qui

299 3059 426 3112 celeriter
444 3068 617 3111 antecursore
638 3063 777 3113 exercitati
799 3070 881 3126 erant,
902 3063 931 3112 in
949 3062 1210 3125 terrammiscrunt,
1230 3062 1277 3128 qui
1296 3060 1394 3128 quidem

299 3147 403 3183 ornnem
422 3130 500 3183 simui
520 3132 691 3183 devastarunt
712 3141 738 3185 et
766 3135 950 3202 diripuerunt,
979 3134 1087 3186 caedem
1114 3132 1223 3185 multam
1255 3132 1393 3201 agrestium

299 3204 441 3267 iacientes,
462 3204 593 3269 pecudum
612 3205 760 3272 ingentium
778 3221 875 3273 greges
895 3212 1015 3273 agentes,
1034 3220 1123 3273 neque
1143 3220 1224 3255 unum
1244 3220 1328 3272 genus
1346 3218 1393 3255 vc-

298 3276 416 3327 -xatiouis
441 3274 626 3341 relinquentes
645 3275 761 3328 afflictis.
800 3277 951 3343 Bryennius
969 3285 1057 3327 autem
1076 3278 1105 3329 in
1124 3276 1294 3329 multitudiue
1310 3283 1335 3327 et
1352 3289 1392 3325 ar.
1440 3285 1445 3298 ·

299 3348 390 3399 tificiis
410 3352 489 3396 antea
508 3346 604 3408 elatus,
626 3346 755 3413 ignobilis
775 3350 898 3416 apparuit
915 3348 1042 3401 adversus
1063 3347 1190 3400 barbaros
1211 3356 1238 3399 et
1255 3349 1393 3408 remissus,

301 3426 328 3469 et
345 3431 446 3469 murum
466 3416 658 3483 Adrianopclis
679 3419 833 3489 confugium
854 3419 969 3471 habebat
987 3420 1087 3483 solum,
1117 3434 1172 3471 nou
1199 3434 1330 3471 armorum
1347 3433 1394 3483 op-

300 3490 481 3556 positionem,
507 3490 593 3539 donec
615 3488 697 3541 fames
717 3492 875 3559 gravissima
899 3492 970 3544 intus
989 3492 1135 3544 conficiens
1155 3506 1215 3542 eum
1235 3499 1261 3541 et
1281 3506 1335 3556 eos,
1353 3487 1393 3555 qui

302 3576 362 3611 cum
381 3576 414 3611 σο
435 3567 519 3625 erant,
538 3575 596 3624 cum
615 3562 826 3630 omnixequitatu
844 3571 871 3613 ut
889 3564 1012 3615 iumentis
1032 3578 1139 3627 corum,
1152 3564 1242 3631 coegit
1262 3560 1393 3613 cumbar-

300 3632 373 3684 baris
392 3633 492 3697 pacisci
513 3639 540 3681 ct
558 3631 646 3681 omnia
664 3632 755 3684 iacere
773 3648 842 3702 quae
859 3634 891 3685 ab
909 3635 943 3687 iis
961 3634 1166 3701 imperabantur.
1205 3649 1304 3703 cogens
1317 3633 1393 3701 igitur

301 3703 443 3768 pecuniam
460 3700 569 3751 multam
590 3716 623 3751 ex
636 3718 670 3752 se
694 3710 721 3753 ct
739 3705 782 3768 iis,
802 3707 846 3772 qui
866 3722 924 3756 cum
944 3721 976 3756 eo
990 3707 1154 3771 defecerant,
1168 3705 1317 3760 Patnimacis
1334 3718 1392 3771 prc-

301 3774 368 3822 tium
384 3772 556 3822 redemtionis
575 3772 648 3822 dedit
667 3788 721 3825 nou
739 3777 826 3829 minus
858 3779 955 3845 viginti
974 3777 1082 3830 talentis
1102 3779 1176 3847 (sive
1197 3786 1302 3829 centum
1314 3762 1392 3826 'inili-

267 3885 269 3890 .
303 3841 367 3912 hus)
387 3850 522 3906 constans,
542 3842 673 3911 simui'que
694 3854 720 3896 et
738 3848 853 3901 vestium
872 3848 1048 3917 stragularum
1080 3858 1106 3901 et
1133 3857 1279 3917 argenteae
1305 3844 1390 3913 supel-

302 3913 402 3967 lectilis
423 3929 477 3965 non
495 3915 627 3965 minimam
646 3918 765 3983 copiam:
784 3927 864 3988 utque
884 3920 921 3971 ita
939 3928 967 3972 ut
986 3921 1145 3973 desisterent
1169 3919 1305 3971 Patniuaci
1324 3916 1391 3968 obsi-

303 3985 383 4036 dione
401 3988 544 4052 permovit.
582 4001 690 4041 mancns
708 3998 797 4041 autem
816 3992 843 4041 in
862 3989 923 4042 loco
944 3992 1070 4059 exig-ebat
1089 3993 1217 4059 pecunias
1237 4007 1253 4042 a
1272 3988 1390 4044 subiectis

302 4056 516 4137 inadversarios
536 4066 563 4107 et
581 4060 739 4127 peregrinos
758 4061 850 4115 nobile
865 4062 934 4114 nihil
952 4064 1109 4117 ostendens:
1129 4064 1311 4133 sedtanquam
1322 4058 1391 4127 lepus

304 4140 334 4180 111
354 4127 424 4180 tilvt
442 4128 479 4181 ita
497 4129 526 4179 in
544 4130 626 4184 muris
645 4132 837 4204 Adrisnopclis
856 4133 969 4205 abditus,
989 4136 1117 4195 advertus
1137 4134 1301 4194 contribules
1312 4139 1391 4187 autem
