2967 4825
547 54 566 95 Ι

222 201 296 307 tot
523 229 741 305 ntentans
770 202 1032 302 nmturornn

222 402 351 491 κη’μοισι,
371 404 426 490 τῆς
447 406 483 471 ὣ
507 402 651 482 νεολαίας
667 406 921 488 α’πειροπολέμου
942 400 1173 487 καθεστηκύιας
1193 401 1247 463 καί
1268 403 1335 463 τοῦ

223 511 361 591 πολέμου
389 507 604 591 μαχιμώτατα
633 506 689 572 καί
717 507 778 571 τῶν
809 507 986 588 πολεμικῶν
1021 503 1173 567 κινδύνων
1206 498 1335 590 ἐθάδας

225 606 298 684 τούς
321 608 599 693 ἀντιτεταγμένους
621 610 675 674 καί
696 606 930 693 ἀντιβαίνοντας
954 605 1101 691 ἐχούσης.

320 707 416 775 Ἀλλὰ
438 708 641 792 τὸνβασιλέα
656 708 692 775 τύ
715 711 859 775 τοιούτου
877 709 1067 791 συγκύρημα
1088 706 1129 767 ού
1147 707 1333 788 κατέπληξε.

225 814 408 881 τυύναντίον
432 814 468 875 δὲ
489 816 610 893 μᾶλλον
632 812 704 888 τούς
718 815 878 887 ἐναντίους
898 808 917 894 ἦ
942 804 1049 891 ἇθρύα
1071 804 1182 873 τούτου
1203 803 1282 891 ὁρμή
1296 808 1363 869 τεῦ

225 915 282 978 καί
302 910 427 999 ἔφοδος,
450 914 625 996 οἰηθέντας,
649 906 754 995 ιύσπερ
779 908 911 993 ύστερυν
930 910 1172 993 μεμαθήκαμεν,
1194 903 1243 970 ὅτι
1262 928 1335 969 κιν-

226 1013 330 1079 δύνων
353 1004 445 1091 ούιος
468 1006 672 1098 ύύινθρωπος
693 1013 810 1077 oddone
833 1012 921 1095 λύγον
934 1013 1111 1095 πεποίηται,
1136 1008 1204 1072 ἀλλ’
1217 1001 1336 1088 ”Aoede

148 1161 152 1170 «
226 1120 295 1180 ἐστι
319 1114 480 1200 φοιτητης,
499 1117 555 1179 καί
577 1114 793 1198 καινοποιὴσει
821 1112 858 1178 τοὶ
876 1112 1059 1193 Ῥωμαίων,
1083 1112 1137 1176 καί
1157 1105 1336 1192 οἷντισηκιύ-

226 1238 277 1281 σει
299 1216 515 1301 τοῖςὲχθροΐς
534 1212 574 1279 τοὶ
598 1218 758 1299 ἐπίχειρα.
801 1210 855 1279 duel
877 1216 981 1277 ταῦτα
1002 1210 1057 1275 καί
1078 1211 1094 1275 ύ
1116 1212 1175 1291 μὲν
1193 1206 1337 1273 σουλτοὶ-

228 1338 280 1391 νος
304 1313 539 1401 σ’πισθύρμητος
568 1318 695 1401 γέγονε,
716 1326 832 1400 μοῖραν
866 1316 990 1379 δίτονα
1011 1312 1151 1396 μεγάλην
1172 1308 1337 1389 α’ποτεμό-
1349 1315 1392 1369 10

227 1440 333 1498 μενος,
356 1420 410 1479 καί
427 1416 546 1513 ,ταύτην
569 1420 644 1505 διχῇ
675 1413 808 1497 διελιύν,
833 1418 879 1491 εἰς
899 1415 956 1498 την
987 1406 1053 1479 ύνω
1071 1406 1184 1479 Ἀσίαν
1201 1434 1338 1493 στρατο-

228 1514 374 1581 πεδεύειν
396 1520 573 1603 πεποίηται,
593 1516 649 1603 την
672 1522 732 1600 μέν
746 1520 947 1601 βορειοτέραν
966 1519 1022 1598 την
1044 1517 1079 1578 δὲ
1101 1512 1174 1597 περὶ
1192 1511 1229 1577 ul
1244 1510 1338 1576 νύτια

230 1621 370 1698 θέμενος.
427 1614 504 1682 dds
522 1618 674 1700 βασιλεύς
704 1620 878 1699 κατάλογον
907 1612 1136 1699 στρατιωτικόν
1158 1610 1338 1696 ποιησάμε-

157 1736 162 1740 ’
230 1741 304 1797 νος,
338 1719 394 1781 καί
414 1720 449 1781 ἐκ
469 1718 573 1803 πάσης
592 1719 700 1803 χώρας
724 1721 779 1782 καί
812 1718 928 1793 πόλεως
952 1718 1081 1799 νεότητα
1108 1714 1339 1795 συλλεξάμενος

230 1816 286 1880 κατ’
306 1817 465 1900 οἷ’ξιαύμασι
481 1823 536 1883 κατ’
552 1822 666 1904 δώροις
685 1821 910 1904 ἀναθαρρῆσαι
929 1820 1115 1903 πεποιηκώς,
1139 1818 1193 1879 καί
1205 1816 1246 1879 δι’
1268 1814 1394 1879 ὄλί-15

151 1920 157 1929 ’
230 1942 288 2002 γου
309 1915 361 1983 τὸν
390 1921 528 2002 α’ριθμόν
563 1922 625 1986 τῶν
646 1918 812 2005 ταγμάτων
834 1918 1086 2005 α’ναπληρούσοις,
1108 1920 1162 1982 καί
1182 1915 1341 2000 λοχαγούς
1423 1926 1454 1965 -’

232 2015 306 2095 τούς
330 2020 480 2101 ἀρίστους
501 2018 622 2109 ἑκάστην
643 2023 765 2087 τούτων
785 2024 940 2101 ἐπιμελῶς
960 2024 1232 2105 προστησάμενος,
1255 2042 1342 2097 συμ-

232 2122 327 2203 μίξας
350 2120 452 2186 δὲκαὶ
472 2130 538 2197 τοῖς
561 2122 625 2185 α’πύ
650 2126 706 2206 τῆς
723 2118 859 2205 ἑσπέρας
881 2120 1042 2202 ἐλθοῦσιν,
1065 2123 1098 2185 ἐν
1121 2119 1213 2208 ύλίγιρ
1234 2120 1341 2206 χρόνῳ

234 2221 386 2305 στρατιάν
417 2223 593 2306 α’ξιύμαχον
624 2224 859 2307 κατεπράξατο,
880 2225 934 2287 καί
964 2221 1044 2305 μετὰ
1067 2218 1220 2313 τοσαύτης
1242 2218 1343 2283 δυναί-

192 2312 198 2331 ”
234 2348 318 2405 μειος
348 2323 403 2389 ἐπὶ
422 2330 554 2409 Πέρσας
585 2325 867 2409 ἐπιστατικιύτερον
899 2316 1063 2407 ἤλαυνεν,
1097 2322 1139 2397 alc
1169 2324 1204 2385 δὲ
1225 2320 1258 2387 τὸ
1279 2326 1397 2403 fio-20

235 2413 395 2512 perorabas
415 2426 630 2512 στρατόπεδον
651 2432 714 2492 τῶν
737 2431 895 2512 Περσῶν,
918 2427 1075 2510 ἐκδρομήν
1096 2450 1167 2490 τινα
1188 2417 1344 2508 πρότερον

235 2527 416 2615 φαντάσαν,
445 2527 541 2606 δόξαν
569 2529 778 2614 ὑποχωρῆσαι
807 2531 841 2593 ἐκ
861 2532 916 2614 τῆς
931 2531 992 2593 τού
1012 2531 1167 2609 βασιλέως
1201 2523 1343 2610 προόδου

307 2704 333 2754 2.
352 2716 386 2752 an
400 2700 642 2774 μαχιαατύιουιλ

239 2867 265 2910 ct
283 2857 434 2910 artificiosis
454 2873 488 2908 ex
505 2859 580 2927 equis
607 2857 731 2922 motibus,
759 2859 883 2912 iuventus
900 2865 987 2911 antem
1013 2857 1081 2910 belli
1099 2859 1192 2928 ignara
1216 2865 1288 2911 esset
1315 2867 1346 2910 et

236 2929 321 3052 ροΙΙρ1
340 2935 367 3051 ορ
384 2927 490 2982 bellicis
509 2929 639 2998 periculis
664 2939 786 2983 assuetos
806 2939 832 2982 ct
858 2931 1070 2999 pugnacissimos
1095 2930 1206 2982 baberet
1229 2931 1346 2997 opposi.

250 3016 279 3052 os
323 3015 353 3053 os
367 3016 404 3052 es.
1232 3029 1237 3039 .

339 3088 390 3141 Sed
409 3105 500 3158 regern
518 3089 580 3143 talis
601 3107 677 3144 cusus
693 3107 748 3143 non
767 3093 881 3157 terruit,
908 3099 1001 3143 eontra
1026 3093 1110 3158 magis
1135 3091 1226 3145 hostes
1244 3092 1345 3143 terruit

238 3161 359 3212 assiduus
380 3161 457 3214 huius
476 3163 590 3229 impetus
614 3173 640 3215 et
658 3165 794 3229 incursio,
825 3179 883 3215 curn
902 3171 1045 3230 putarent,
1066 3171 1096 3214 ut
1117 3172 1210 3230 postea
1229 3165 1344 3230 accepi-

150 3297 154 3306 .
237 3248 313 3296 mus,
332 3232 513 3299 periculorum
531 3235 603 3286 bunc
622 3235 756 3288 bominem
774 3236 874 3290 nullam
895 3235 994 3287 babere
1012 3236 1163 3300 rationem,
1183 3236 1230 3288 sed
1256 3233 1345 3289 belliq

239 3320 330 3356 cosnm
350 3319 409 3356 esse
428 3307 555 3358 advenam
576 3316 603 3358 et
621 3317 781 3360 novaturum
800 3323 843 3358 res
866 3307 980 3359 Graecas
1004 3314 1031 3358 ct
1050 3315 1223 3373 aequaturum
1253 3307 1344 3358 bosti-
1385 3358 1387 3364 ,

238 3377 287 3428 bus
307 3391 417 3443 poenas.
436 3386 581 3444 propterea
600 3380 679 3429 etiam
700 3379 820 3432 sultanus
838 3379 943 3447 quidem
962 3387 1033 3429 retro
1061 3380 1213 3443 contendit,
1239 3387 1345 3445 partem

241 3456 328 3500 autem
347 3448 477 3517 quandam
494 3464 616 3515 magnam
634 3451 792 3504 abscindens
804 3458 831 3501 et
849 3449 916 3501 banc
935 3449 1056 3501 bilariam
1076 3451 1197 3503 dividens
1215 3451 1242 3500 in
1257 3465 1345 3516 supc-

239 3521 340 3570 riorem
357 3519 448 3571 Asiam
466 3520 601 3585 prolicisci
619 3522 717 3586 iussit,
732 3521 842 3572 alteram
861 3523 888 3572 in
907 3521 1171 3588 septentrionalibus,
1190 3521 1299 3574 alteram
1314 3522 1345 3570 in

241 3588 400 3640 australibus
427 3591 784 3663 constituensregionibus.
822 3609 871 3644 rex
896 3601 984 3644 autern
1008 3593 1140 3645 delectum
1158 3594 1271 3645 militum
1297 3594 1346 3642 in-

162 3722 165 3731 *
240 3663 354 3723 stituens
377 3668 404 3708 et
423 3677 457 3710 ex
476 3662 547 3711 omni
565 3669 636 3712 terra
657 3672 684 3714 ct
700 3665 767 3716 urbe
786 3666 951 3718 iuventutem
971 3681 1122 3718 convocans
1145 3673 1171 3716 et
1188 3664 1345 3716 muneribus

241 3740 269 3781 et
287 3731 364 3781 donis
386 3729 481 3781 lortem
507 3732 621 3785 reddens
641 3743 667 3786 et
684 3735 762 3789 brevi
780 3753 917 3789 numerum
936 3738 1056 3790 ordinum
1071 3737 1182 3804 explens
1201 3745 1227 3787 et
1246 3743 1346 3787 centu.

240 3803 331 3852 rioncs
352 3802 466 3867 optimos
485 3803 630 3874 unicuique
651 3807 744 3859 horum
759 3810 878 3860 studiose
896 3810 1066 3876 praeficiens,
1087 3809 1133 3862 sed
1154 3808 1346 3868 etiamadrnis-

241 3887 305 3923 cons
332 3872 503 3926 venientibus
530 3891 563 3926 cn
592 3881 730 3930 occidente
758 3881 912 3944 ordi-nibus,
949 3881 1025 3932 brevi
1050 3888 1170 3948 tempore
1197 3881 1346 3930 exercitum

241 3958 388 4010 pugnacem
408 3946 525 3997 coniecit
545 3957 649 4000 etcum
671 3954 790 4004 tantari
819 3958 911 4002 contra
937 3951 1031 4004 Persas
1057 3951 1156 4003 firmius
1184 3951 1345 4018 proficisce-

240 4016 325 4066 batur.
374 4026 432 4067 cum
457 4026 543 4070 autem
571 4024 789 4089 septentrionalis
821 4025 953 4093 enercitus
986 4024 1125 4082 Rersanum
1158 4023 1346 4074 excursionem

242 4087 370 4155 quandam
390 4097 468 4140 antea
487 4101 635 4144 monstrans
655 4096 882 4163 exspectationem
908 4096 1052 4148 recedendi
1078 4095 1150 4165 regis
1178 4093 1347 4161 expeditioni

241 4157 393 4228 praeberet,
412 4162 504 4216 statuit
520 4163 572 4215 iam
590 4165 727 4236 Diogenes
746 4169 775 4221 in
794 4165 924 4220 australes
935 4169 1067 4233 incidere,
1086 4169 1131 4237 qui
1156 4176 1253 4220 terram
1272 4165 1346 4218 circa
