2967 4825
527 262 534 321 ³
555 306 787 375 rumonim·
1164 307 1212 380 33

105 470 252 553 αἰσχράς
274 466 409 544 τούτους
425 476 539 555 φυγεῖν
556 461 812 554 συνηνάγκασαν,
832 468 1073 549 εόλαβουμὲνου
1095 468 1214 534 τούτων

105 566 243 635 ἑκάστου
260 572 317 633 Γἵνα
337 568 381 651 μη
400 566 455 635 τόν
478 572 548 650 βίον
569 567 715 657 άποβάλη
740 572 843 655 πληγῇ
863 568 1030 659 άπροόπτρι
1053 573 1106 635 καί
1125 570 1212 650 ’συμ-

103 672 237 757 πατηθῇ
259 678 324 743 τοῖς
344 672 565 754 συντρέχουσι.
616 670 767 751 δευτέρας
799 669 834 733 δὲ
855 671 1017 755 συμβολῆς
1045 676 1211 755 γενομένης

104 770 150 846 ὥς
173 768 230 853 τῆν
253 768 367 851 ὅμοιἀν
388 771 540 853 ἐκτροπὴν
561 767 589 834 οἱ
608 768 761 849 Ῥωμαῖοι
781 768 989 852 πεπόνθασιν,
1012 772 1110 847 εόθὺς
1133 795 1211 856 pso.

71 869 223 954 ὃγόντων
254 868 284 937 σῖ
314 870 438 935 Σκύθαι
471 870 591 936 τούτων
619 868 796 955 ἐξήρτηντο.
851 874 909 935 κατ’4
939 873 979 959 τῇ
1002 859 1120 961 Ῐάταξίρι
1152 876 1212 936 τοῦ

103 970 251 1055 πλήθους
272 972 336 1036 τεόν
358 973 560 1055 στρατιωτῶν
593 974 832 1053 συμμιγέντων,
863 976 925 1036 τεόν
945 959 978 1035 τε
1000 972 1054 1056 τῆς
1075 966 1212 1056 ἑσπέρας

102 1075 309 1155 στρατιωτιόν
338 1075 411 1157 μηδ’
434 1074 479 1147 εἰς
510 1079 622 1155 χεῖρας
643 1074 750 1137 §teto
770 1076 824 1137 uui
844 1062 900 1157 την
922 1066 1019 1157 ἧτταν
1040 1075 1101 1138 τεόν
1124 1096 1212 1154 συμ-

101 1172 219 1257 μάχων
240 1175 508 1241 ἀνακαλέσασθαι·
535 1172 588 1237 διά
612 1172 647 1237 τό
669 1177 988 1259 παρευδοκιμηθῆναι
1020 1179 1095 1257 περὶ
1112 1173 1232 1258 αὐτὴν
1284 1218 1294 1235 .

102 1274 165 1357 τήν
186 1273 308 1357 ἡμέραν
325 1278 381 1357 τῆς
403 1270 663 1358 πρόκατάρξεως,
686 1272 842 1360 παντελὴς
868 1274 970 1359 τρσπὴ
994 1278 1059 1339 τῶν
1075 1273 1215 1357 Ῥωμαῖ-

51 1386 91 1441 10
102 1378 170 1439 κάν
193 1375 360 1457 δυνάμεων
381 1375 501 1459 γίνεται
523 1373 578 1439 κατ’
598 1376 697 1461 φόνος
724 1374 844 1441 τοάτων
866 1371 940 1452 όσος
965 1373 1139 1461 α’μόθητος.
1183 1373 1214 1439 οἱ

103 1476 142 1541 dl
164 1482 391 1559 περισωθέντες
413 1476 470 1552 τὰς
492 1478 666 1551 πανοπλίας
695 1479 842 1553 ἐκδόντος
862 1476 915 1541 κατ’
943 1475 1132 1560 καταβάντες
1152 1480 1215 1542 τάν

102 1578 222 1655 ἵππων,
246 1578 291 1651 εἷς
313 1570 398 1663 όλην
414 1600 448 1641 τε
475 1582 613 1658 βαθεῖαν
643 1582 697 1643 καί
723 1576 886 1661 κρημνοός
906 1574 1040 1655 ἓαυτοός
1061 1575 1214 1661 συνωθὴ-

102 1700 227 1759 σαντες,
249 1678 342 1771 μόλις
367 1680 413 1752 εἰς·
431 1678 472 1742 τό
493 1674 615 1743 dcccciv
638 1675 858 1762 αὐεσιόθησαν.

210 1776 364 1863 Τοιαότης
394 1781 429 1843 di
451 1778 656 1863 τετυχηκότες
679 1776 708 1843 οἱ
732 1779 860 1844 Σκόθαι
882 1783 936 1863 τῆς
957 1782 1134 1863 εότυχίας,
1159 1782 1216 1845 καὶ

53 1890 91 1945 15
104 1880 233 1943 πολλῶν
254 1880 413 1959 σωμάτων
437 1880 492 1943 κατ’
510 1880 688 1964 χρημάτων
707 1880 870 1963 γενόμενοι
889 1877 1008 1963 κόριον,
1031 1887 1085 1946 κατ’
1107 1880 1214 1965 αόχὴ·
1279 1873 1284 1880 ’

102 2000 207 2060 ματος
223 1978 364 2062 μεγάλου
384 1978 607 2065 πληριόσαντες
628 1976 787 2062 ἓαντοός,
810 1974 914 2058 οότιος
936 1976 1150 2064 ἐμβάλλουσιν
1168 1986 1214 2057 εἰς

104 2077 168 2163 τόν
191 2079 418 2165 Μακεδονικὴν
440 2084 495 2146 καί
517 2086 752 2163 κατατρέχουσι
782 2083 888 2146 πᾶσαν
910 2080 1007 2163 όμοῦ,
1031 2084 1086 2147 κατ’
1103 2082 1214 2146 nisti-³

103 2206 172 2248 νων
191 2180 413 2267 κνριεόσαντες
447 2181 601 2267 λαφόρων
632 2186 678 2256 εἰς
699 2180 759 2257 τάς
791 2176 916 2246 ἑαυτῶν
935 2180 1053 2267 σκηνάς
1074 2205 1216 2269 περιφαι-Ι

82 2286 171 2359 'orric
192 2279 418 2361 άνοσιόζονται.
472 2288 563 2348 τοῦτο
593 2286 628 2348 δὲ
667 2284 715 2359 δίς
735 2288 790 2347 καί
815 2286 980 2367 τρισσάκις
1012 2284 1215 2366 πεποιηκότες

51 2376 237 2468 μθάμαχον
264 2381 427 2470 ἔχειντὴν
457 2384 553 2469 ἶσχόν
588 2382 644 2450 κατ’
672 2384 926 2468 α’καταγάνιστον
952 2381 1073 2462 ἔδοξαν.
1117 2364 1222 2458 αὖθις

105 2488 144 2551 δὲ
168 2488 242 2570 περὶ
258 2485 522 2570 Ἀθριανοόπολιν
545 2479 748 2569 συντάγματα
768 2482 1105 2570 μεμάλαμαραλαβιόν
1119 2481 1136 2547 ό
1151 2485 1214 2548 τῶν

99 2586 272 2670 Ῥωμαίων
306 2587 431 2674 ἡγεμών
456 2593 697 2662 Κωνσταντῖνσς
723 2584 929 2672 πραιπόσιτος
953 2586 970 2650 o‘
994 2587 1151 2668 εὐνοῦχος.
1167 2587 1214 2660 εἰς

106 2843 111 2850 ⁵
182 2777 210 2829 2·
227 2779 291 2847 plor
310 2790 353 2830 om
374 2774 408 2842 G,
427 2761 527 2828 adiecit
544 2773 686 2826 Brunetus.
796 2771 826 2823 8.
855 2772 1042 2828 άνακσλένων
1072 2768 1212 2826 άνακαλό-

182 2853 294 2980 ἔμισθμςι
304 2845 395 2973 81.οᾶ
407 2845 617 2920 άνασχομένων
635 2843 891 2926 άνακαλέσασθαιῖ
983 2844 1024 2897 12.
1043 2848 1161 2914 βαθείας
1181 2841 1211 2894 0.

106 3098 193 3148 vitanr
217 3093 343 3162 perderet
360 3094 415 3144 ictu
440 3105 494 3144 non
515 3099 668 3158 exspectato
687 3105 759 3142 neve
775 3089 925 3140 calcaretur
943 3103 993 3154 per
1011 3093 1212 3137 concurrentes.

106 3167 195 3220 altera
217 3173 306 3217 autem
325 3165 501 3216 concursione
520 3163 590 3215 lacta
609 3178 667 3214 cum
691 3160 806 3212 similem
826 3159 1008 3226 repulsionem
1030 3158 1123 3210 Graeci
1142 3157 1215 3224 passi

108 3247 217 3302 essent,
244 3237 330 3288 statim
350 3233 514 3304 fugientibus
536 3234 651 3300 Scythae
675 3233 716 3284 his
734 3231 914 3284 adhaeserunt
932 3239 959 3281 ct
977 3245 1035 3279 cum
1055 3228 1215 3279 confusione

107 3308 288 3377 multitudinis
306 3308 406 3359 milites
423 3308 598 3359 miscerentur
618 3314 645 3356 et
662 3304 809 3356 occidentis
825 3301 925 3353 milites
943 3316 979 3351 ne
997 3315 1088 3351 manus
1108 3298 1214 3366 quidem
1244 3322 1263 3346 α

109 3397 257 3434 conserere
270 3388 297 3431 ct
317 3379 418 3431 cladem
439 3379 572 3430 sociorum
600 3377 730 3428 auderent
750 3376 897 3442 corrigere,
919 3373 982 3439 quia
1000 3379 1076 3421 crant
1096 3369 1215 3436 superati

108 3455 212 3508 circum
225 3454 311 3520 ipsum
333 3451 401 3502 diem
420 3449 500 3514 initii,
522 3451 630 3500 omniuo
650 3449 712 3516 fuga
731 3447 891 3499 Graecarum
910 3443 1007 3495 virium
1029 3442 1058 3493 lit
1078 3448 1105 3491 et
1124 3439 1214 3491 clades

108 3527 206 3579 horum
222 3523 346 3578 nefanda.
385 3522 484 3574 servati
504 3529 591 3572 autem
613 3529 771 3572 armaturam
790 3531 901 3584 gravem
921 3521 1049 3566 exuentes
1070 3520 1097 3562 et
1116 3509 1212 3563 desili.

110 3605 188 3650 entes
200 3597 276 3664 equis
295 3598 323 3646 in
341 3594 436 3647 silvam
453 3591 611 3660 profundam
631 3600 656 3642 et
674 3589 793 3644 declivia
811 3588 920 3639 loca'se
940 3586 1144 3652 comprimentes
1164 3583 1228 3640 vix>

110 3669 146 3722 ad
165 3676 252 3720 castra
270 3681 377 3720 suorum
393 3671 584 3732 pervenerunt.
1054 3665 1059 3673 ’

212 3738 301 3798 Talem
326 3745 413 3788 autem
430 3737 519 3803 adepti
539 3735 655 3800 Scythae
675 3736 806 3786 fortunam
826 3741 853 3783 et
870 3730 1011 3782 multorum
1031 3741 1171 3794 corporum
1189 3729 1216 3775 et

108 3823 201 3863 rerum
220 3810 284 3860 lacti
302 3809 402 3860 domini
422 3815 448 3858 et
467 3807 556 3876 gloria
574 3819 748 3873 magnacum
769 3803 958 3870 implevissent
976 3815 1016 3862 se,
1035 3801 1075 3851 sic
1092 3797 1215 3865 ingredi..

50 3899 54 3921 ι
109 3891 192 3934 untur
209 3879 406 3935 Macedonicam
425 3887 521 3930 terram
551 3886 577 3929 et
603 3873 790 3944 percurrentes
803 3874 945 3926 -hostilitcr
970 3886 1074 3921 omnem
1092 3867 1170 3920 simul
1189 3875 1217 3917 et

110 3953 233 4022 pluribus
252 3951 330 4019 potiti
350 3951 444 4018 spoliis
464 3951 496 4002 ad
514 3965 562 4002 sua
579 3949 694 4001 tentoria
719 3946 859 4013 splendide
878 3944 1048 4010 perveniunt.
1094 3940 1146 3989 hoc
1165 3953 1216 3990 au-

59 4049 63 4052 ·
109 4035 166 4076 tem
184 4039 242 4077 cum
261 4024 301 4074 bis
323 4031 348 4074 et
367 4030 408 4074 ter
427 4021 555 4074 iecissent
570 4018 778 4088 impugnabilem
799 4016 899 4066 hahere
918 4029 947 4064 sc
967 4015 1021 4064 vim
1042 4022 1069 4063 et
1087 4013 1215 4062 invictam

110 4095 234 4149 arbitrati
253 4103 322 4146 sunt.
362 4109 453 4145 rursus
476 4101 571 4144 autem¹
591 4095 663 4143 circa
688 4086 883 4153 Adrianopolin
907 4087 1014 4151 agmina
1041 4095 1217 4151 magnacum

107 4169 263 4234 recepisset
290 4166 451 4218 Graecorum
480 4165 533 4215 dux
559 4163 747 4216 Constantinus
774 4158 942 4226 praepositus
972 4156 1055 4225 (sacri
1084 4151 1215 4218 cubiculi)

109 4239 253 4294 eunuchus
275 4245 311 4314 (et
330 4237 424 4302 vlocum
444 4244 533 4303 aptum
553 4243 579 4286 et
598 4234 678 4286 fossis
704 4246 764 4284 cum
782 4229 941 4282 munivisset
958 4228 1060 4279 monitu
1078 4220 1216 4278 Michaelis

192 4351 275 4408 niet.
296 4348 378 4403 Διιιι.
399 4348 466 4402 rior.
978 4330 986 4335 '
1009 4339 1026 4394 3
