2967 4825
576 219 786 288 nrsronm.
855 174 859 181 ’
1174 214 1243 289 τοι

142 389 207 453 uto
240 384 342 470 ἔργων
372 387 427 452 καί
456 392 494 475 τῇ
515 384 637 456 ἐκεῖθεν
664 386 915 476 ἀπαναχωρῆσει
945 394 1000 457 καί
1021 391 1246 479 αύθημερολοει
1308 470 1310 479 .

142 491 312 573 προσμίξει
331 491 389 552 τού
411 492 625 574 διαιρεθέντος
646 496 783 576 στρατοῦ
805 498 1038 577 προκατέλαβον
1069 491 1246 561 ὅσουλτύ-

141 615 195 668 νος
226 592 395 682 α’κηρυκτί,
430 591 485 655 κατ’
515 593 554 656 τοὶ
576 596 749 677 δυνηθέντα
779 599 968 679 τελεσθῆναι
991 596 1244 681 διεκωλύθησαν.

142 689 173 760 οἱ
195 693 231 757 δὲ
253 693 380 777 πολλοί,
410 694 591 776 ἀγνοοῦντες
621 693 656 758 τὸ
689 698 745 779 τῆς
776 700 962 779 διαιρέσεως
991 692 1108 779 αἴτιον,
1132 698 1246 778 μῶμον

107 794 251 881 δέκεύνρν
281 790 519 874 προσάπτουσιν
548 793 590 870 ὥς
621 797 678 859 ούκ
706 796 751 872 εἷς
780 799 849 861 δέον
876 800 1077 884 ποιησαμένῳ
1109 793 1165 859 τόν
1187 800 1245 860 τοῦ

133 884 281 977 ’στρατοῦ
304 893 524 976 διαμερισμόν,
546 898 603 978 τῆς
616 900 661 960 ’δὲ
683 896 764 981 ύπὲρ
789 896 871 979 ἡμᾶς
892 900 995 971 αἰτίοις
1016 895 1168 979 ούδεμίαν
1190 893 1244 963 ἔν-

138 1016 230 1058 νοιαν
251 992 333 1057 ιιατοὶ
350 996 453 1079 φρένα
473 995 529 1060 καί
549 999 626 1063 κατὰ
646 996 753 1079 θυμὸν
775 1000 945 1066 ἐντιθέασι.
1196 986 1198 993 1

243 1093 455 1176 Παραβαλων
476 1097 507 1158 δ’
537 1095 555 1160 ὁ
577 1096 736 1180 Ιξβασιλεύς
759 1101 805 1173 εἰς
827 1096 861 1160 τὸ
885 1097 1083 1187 Μανζιιύερτ
1110 1098 1165 1185 τῆν
1184 1104 1244 1183 μὲν

137 1192 348 1279 παρεμβολήνΙ
366 1195 445 1275 μετὰ
469 1200 524 1279 τῆς
547 1193 619 1281 ὅλης
640 1201 843 1282 παρασκευῆς
863 1201 965 1281 α’γχοῦ
987 1224 1048 1263 που
1062 1205 1168 1265 θεῖναι
1191 1204 1246 1267 καί

81 1314 126 1367 10
136 1296 270 1381 χάρακα
291 1299 396 1360 θεῖναι
419 1296 500 1362 κατὰ
526 1298 561 1363 τὸ
595 1302 774 1381 εἰθισμένον
796 1302 1066 1383 παρεκελεύσατο,
1088 1301 1184 1379 αύτὸς
1208 1306 1243 1369 δὲ

136 1398 174 1463 τὸ
198 1394 337 1482 ἔκκριτον
365 1395 534 1481 ἀναλαβών
561 1399 776 1485 τούστρατοῦ
798 1403 949 1483 περιῆλθε
975 1401 1010 1465 τὸ
1032 1395 1121 1486 ἄστυ,
1142 1428 1243 1470 κατα-

137 1502 265 1563 σκοπῶν
282 1494 341 1587 ὅπη
357 1524 415 1583 περ
431 1504 561 1585 εύχερὲς
576 1502 630 1579 ταὶς
645 1504 823 1587 προσβολὰς
836 1500 915 1568 κατοὶ
932 1506 988 1567 τοῦ
1005 1508 1128 1592 τείχους
1150 1506 1242 1591 ποιῆ-

137 1604 264 1666 σασθαι
284 1604 340 1665 καί
363 1600 420 1677 τιλς
441 1598 599 1681 ἑλεπόλεις
628 1613 849 1688 προσαγαγεῖν.
894 1597 959 1687 εἶχε
981 1604 1042 1690 γὰρ
1067 1604 1186 1683 ταύτας
1208 1611 1243 1673 ἐκ

54 1722 70 1741 1
137 1706 346 1787 παρασκευῆς
368 1700 473 1783 ξύλοις
497 1699 733 1781 παντοιόιςκαῖ
752 1709 911 1788 μεγίστοις
940 1712 1241 1805 κατωργανωμένας,

81 1807 197 1871 15καί
215 1807 391 1890 φερομένας
403 1808 444 1869 δι’
468 1806 599 1888 ἁμαξῶν
611 1811 673 1872 τῶν
689 1811 802 1890 χιλίων
822 1806 866 1891 μῆ
884 1808 1100 1874 α’ποδεουσαῖν.
1123 1802 1242 1891 ῆλαννε

138 1906 175 1968 δὲ
202 1908 257 1970 κατ’
276 1908 338 1970 τῶν
360 1898 465 1972 ἄλλων
476 1906 688 1993 βοσκημάτων
710 1909 755 1983 εἰς
778 1908 921 1992 δαπάνην
938 1912 996 1974 τού
1019 1912 1157 1990 στρατοῦ
1176 1931 1242 1990 μυ-

136 2010 328 2093 ριομδτρους
352 2010 477 2090 ἀγέλας.
520 2010 585 2072 τῶν
607 2011 643 2072 δὲ
664 2012 822 2090 πολεμίων
844 2007 934 2074 ἔνδον
958 2007 1182 2089 α’λαλαζόντων
1204 2007 1241 2074 cd
1296 2089 1306 2100 ἢ

136 2106 285 2171 ἐνυάλιον
306 2106 418 2173 καὶτὰ
451 2111 527 2196 ξίφη
550 2106 846 2191 παραγυμνούντων
873 2111 928 2175 καί
949 2103 1056 2184 ὅπλοις
1078 2103 1243 2197 ἑκηβόλοις

133 2211 333 2293 χρωμένων,
354 2208 445 2291 μετὰ
481 2214 536 2295 τῆς
559 2210 693 2284 α’σπίδος
727 2208 919 2289 ὁβασιλεύς
951 2210 1183 2293 περιιππεύσας
1203 2208 1238 2275 τό

76 2336 126 2392 20
135 2318 240 2392 τεῖχος
262 2314 439 2394 ἐπανῆλθεν
460 2310 583 2397 εἰςτῆν
605 2308 817 2395 παρεμβολήν.
862 2309 890 2374 οἱ
915 2312 950 2374 dd
972 2309 1061 2389 πεζαὶ
1081 2313 1143 2373 ταῖν
1162 2310 1240 2394 ’Ap-⁵

132 2416 254 2494 μενύων
282 2413 513 2496 προσβαλόντες
541 2418 584 2501 τῷ
612 2411 702 2489 ε’κτὸς
729 2410 786 2494 τῆς
819 2411 1018 2498 ἀκροπόλεως
1041 2411 1161 2494 τείχει,
1184 2411 1241 2478 καί

133 2509 256 2588 πολλὰς
275 2513 454 2598 προσβολὰς
480 2512 696 2598 ποιησάμενοι,
718 2516 868 2596 αύτοβοεί
898 2509 1045 2594 αἱροῦσιν
1070 2510 1161 2609 adad,
1182 2516 1242 2577 τού

210 2683 234 2733 1.
246 2664 424 2756 αὐθημερόν
443 2681 511 2738 dost
528 2682 605 2807 πηλ
711 2683 737 2749 9,.
757 2701 814 2738 που
832 2687 959 2742 καθεῖναι
977 2682 1008 2738 G.
1027 2699 1060 2736 an
1079 2703 1136 2742 nov
1155 2685 1239 2753 τεθῆ-

198 2775 259 2820 -ναι
277 2760 325 2809 καλ
339 2760 551 2828 χαρακωθῆναι
1304 2763 1311 2768 “

134 2904 330 2968 constituisset,
350 2912 377 2955 et
389 2905 466 2956 finem
482 2919 592 2971 operum
612 2912 638 2956 et
656 2906 770 2957 reditum
789 2912 815 2956 et
833 2905 1004 2972 improvisam
1022 2905 1177 2956 mixtionem
1195 2905 1238 2957 di.

131 2978 190 3030 visi
209 2977 342 3028 exercitus
362 2976 542 3029 accelerasset
559 2976 679 3029 soltanus
697 2976 773 3028 nullo
792 2977 874 3028 misso
893 2991 1038 3043 praecone,
1049 2983 1153 3044 etquae
1173 2989 1238 3044 per.

131 3052 219 3102 licere
237 3056 335 3099 statuta
354 3057 443 3102 essent
459 3049 658 3115 impedirentur.
697 3047 836 3098 multitudo
856 3057 944 3099 autern
967 3049 1095 3114 ignorans
1121 3048 1238 3100 divisio.

131 3123 178 3173 nis
198 3135 303 3172 causam
322 3121 546 3187 vituperationem
560 3123 584 3171 ei
600 3122 721 3186 imponit,
733 3120 832 3186 quippe
850 3121 962 3188 quinon
980 3120 1142 3170 necessitate
1161 3133 1237 3170 com.
1256 3180 1260 3192 η

132 3201 224 3245 motus
243 3193 553 3258 instituissetexercjtus
574 3191 795 3255 distributionem,
816 3206 912 3243 causae
932 3197 1018 3241 autem
1046 3198 1154 3242 nostrae
1173 3190 1237 3242 nul.

132 3266 190 3316 lam
209 3265 308 3315 habent
326 3265 455 3316 rationem
475 3266 502 3315 in
522 3265 602 3315 corde
622 3271 649 3314 et
667 3264 764 3314 animo.
1206 3285 1210 3290 ·

234 3354 404 3422 Aggrediens
421 3362 509 3406 autem
528 3371 575 3405 rex
597 3353 798 3416 blanzilrertum,
828 3360 914 3405 castra
945 3369 1003 3404 cum
1028 3359 1085 3403 toto
1111 3359 1238 3419 apparatu

133 3441 221 3493 prope
240 3428 304 3493 poni
324 3434 350 3477 et
370 3425 469 3495 vallum
489 3426 549 3477 duci
569 3442 602 3477 ex
619 3442 692 3498 more
717 3427 812 3477 iussit:
838 3427 897 3492 ipse
924 3432 1012 3492 autem
1038 3439 1096 3475 cum
1125 3423 1236 3478 delectis

132 3497 266 3549 militibus
285 3497 376 3548 urbem
395 3499 556 3562 circumivit,
577 3497 729 3564 explorans,
750 3496 795 3547 ubi
815 3495 895 3548 facile
913 3496 1052 3548 machinae
1075 3496 1108 3548 ad
1133 3512 1236 3548 rourum

132 3573 203 3638 poni
227 3579 254 3621 et
270 3571 369 3622 arietes
397 3570 491 3621 adduci
516 3578 634 3637 possent.
680 3569 794 3620 habebat
819 3569 887 3620 enim
914 3567 963 3620 hos
983 3568 1105 3621 consulto
1127 3569 1236 3622 erario

135 3657 225 3710 eoque
244 3643 356 3694 maximo
375 3641 450 3710 ligno
473 3649 639 3694 constructos
655 3650 682 3693 et
700 3649 794 3694 vectos
814 3641 934 3694 curribus
954 3640 1023 3691 haud
1043 3640 1129 3692 minus
1146 3639 1235 3694 mille:

94 3757 100 3763 ,
129 3713 251 3767 aliorum
273 3729 379 3782 quoque
398 3715 575 3765 iumentorum
593 3715 735 3767 immensos
755 3716 853 3784 greges
873 3714 905 3765 ad
924 3711 1160 3764 exercitus-usum
1190 3728 1236 3765 se.

134 3803 197 3838 cum
216 3785 326 3854 agebat:
350 3785 472 3838 hostibus
499 3793 586 3838 autern
613 3787 683 3839 intus
708 3785 836 3838 bellicum
863 3784 1020 3837 tollentibus
1048 3782 1191 3835 clamorem
1211 3793 1238 3836 et

133 3857 242 3928 gladios
261 3858 451 3926 stringentibus
473 3866 501 3908 et
518 3859 596 3910 armis
614 3857 759 3911 missilibus
779 3858 915 3909 utentibus
934 3872 982 3907 rex
1007 3864 1147 3923 postquam
1172 3871 1236 3908 scu.

132 3939 190 3982 tum
209 3931 300 3982 serens
321 3931 419 3987 circum
438 3931 543 3980 moenia
570 3931 724 3997 equitasset,
755 3931 782 3980 in
808 3938 893 3980 castra
923 3929 1017 3993 rediit:
1050 3927 1236 3978 Armeniorum
1307 3947 1310 3952 ’

133 4010 225 4054 autem
244 4003 348 4067 pedites
369 4017 471 4051 murum
500 4009 575 4053 extra
600 4018 687 4052 arcem
714 4003 793 4070 situm
819 4003 914 4051 iterum
940 4000 1089 4066 iterumque
1115 4000 1237 4068 aggressi
1300 4027 1303 4032 ·

135 4082 193 4125 toto
214 4088 273 4126 cum
293 4076 392 4140 impetu
413 4083 642 4142 expugnaverunt,
662 4089 719 4126 cum
749 4072 790 4126 sol
816 4073 866 4123 iam
890 4071 922 4122 ad
949 4085 1072 4122 occasum
1098 4077 1234 4140 vergeret.

138 4145 209 4200 elato
232 4145 315 4217 igitur
332 4145 382 4196 bac
401 4162 430 4197 re
449 4162 514 4214 rege
535 4147 638 4214 experti
655 4154 715 4199 sunt
734 4162 768 4196 ex
787 4142 1000 4216 hostibnslegati
1018 4142 1235 4206 misericordiam,
