2967 4825
441 362 443 365 ,
485 255 489 262 “
530 250 766 369 ἀισιοκικ
1160 298 1209 374 ιε

105 454 265 539 διαδοχήν
284 457 461 539 ἱσταμένων
483 455 660 542 ὑπόπτερος
680 458 801 527 τόσανεί
820 464 859 549 τῇ
875 442 1047 547 Ἀθριανοῦ
1069 464 1212 548 παραδίο

105 560 199 623 δοται
212 556 312 623 πόλει.
336 560 393 624 καί
410 558 623 645 συνήθροιστο
646 564 710 629 πῶν
730 563 845 629 αὐτίκα
863 564 953 644 μύλα
974 562 1010 627 τό
1035 562 1096 649 τήν
1112 588 1212 648 στρα,

105 658 260 740 τεύσιμον
280 660 406 743 ήλικιάν
427 658 501 744 έχον
514 656 678 746 ἑσπέριον·
709 666 765 728 κατ’
784 663 838 728 διό
859 665 920 729 δύο
941 667 996 729 καί
1016 667 1114 747 τριῶν
1132 666 1215 750 ήμε·

105 762 174 845 ρῶν
193 762 239 837 είς
262 764 381 844 πλῆθος
394 765 476 847 μέγα
496 761 550 829 καί
563 763 720 847 στρατιόν
735 763 900 850 είξιόλογον
911 767 1099 850 παραδόξως
1120 768 1215 834 ἐπαί-

77 884 198 946 5ρεται
222 862 242 946 ή
263 863 482 948 σννόθροισις.
539 864 594 930 καί
623 874 688 939 τοῖς
716 864 921 949 παρασήμοις
939 870 1112 952 κοσμηθεὶς
1130 867 1214 947 μισῶ

106 966 167 1045 τῆς
196 966 365 1046 βασιλικῆς
395 960 531 1049 ἐσθήτος
552 962 576 1049 [ό
611 968 772 1052 φυγαδίας
800 963 975 1050 στρατηγός
1004 965 1213 1050 αὐτοκράτωρ

106 1062 199 1147 παραὶ
222 1064 285 1127 τῶν
314 1061 473 1127 συνόντων
503 1062 726 1150 α’νηγορεύθη,
760 1064 815 1130 καί
835 1058 940 1148 θιττήν
960 1061 1072 1147 ἑτέραν
1091 1066 1216 1148 ἡμέραν

103 1160 268 1233 θιιιλιπῶν
289 1158 419 1248 εόρμησε
442 1164 502 1228 σύν
522 1167 620 1253 πολλή
655 1162 845 1249 πεποιθήσει
863 1165 944 1246 πρός
964 1160 1020 1248 τήν
1041 1161 1217 1246 εὐδαίμονα

106 1260 330 1347 μεγαλόπολιν.
383 1262 414 1330 οἱ
444 1267 478 1329 δέ
506 1270 722 1350 προαχθέντες
750 1269 837 1349 παρύ
860 1269 920 1331 τού
941 1262 1217 1349 θασιλεύοντοςέξ
1256 1265 1259 1272 “

62 1382 99 1437 10
109 1366 213 1448 αύτής
243 1368 457 1449 στρατιῶται,
485 1368 543 1431 καί
570 1390 651 1442 τινες
679 1372 741 1432 τῶν
773 1365 938 1451 ἐπισήμων
966 1368 1026 1430 τού
1057 1362 1216 1430 παλατίου

109 1469 348 1551 προσμένοντες
372 1468 405 1543 ἐς
427 1460 510 1533 όστυ
532 1472 588 1551 τής
613 1470 838 1554 Σηλυμβρίας,
858 1467 902 1544 ῶς
923 1465 1043 1550 ἔμαθον
1059 1463 1118 1550 τήν
1139 1462 1217 1530 τού·

109 1592 167 1635 του
190 1564 307 1653 ἔφοδον
327 1566 446 1653 πολλήν
469 1568 523 1635 καί
543 1568 733 1635 α’νύπσιστον
754 1569 798 1645 ῶς
817 1574 917 1654 βαρεῖ
933 1571 1056 1657 στρατῶ
1078 1568 1134 1632 καί
1152 1591 1216 1648 μα·

109 1664 282 1757 χιμωτότῳ
301 1672 587 1755 σογκροτοομένην,
609 1660 630 1757 ᾗ
652 1663 857 1753 ποθῶνεῖχον
879 1671 1043 1752 γεγόνασιν
1063 1666 1217 1751 όπισθόρ-
1270 1696 1277 1709 ·

109 1792 215 1854 μητσι.
256 1771 314 1849 ,καί
347 1766 377 1835 οἱ
398 1768 532 1835 ἐπὶτῶν
553 1769 743 1855 ὑπαίθρων,
764 1763 995 1856 ἐφοδιάσαντες
1013 1765 1150 1844 ἑαυτούς
1171 1766 1216 1844 ῶς

65 1866 232 1961 iniurioso
255 1880 390 1954 παρεῖχε
419 1869 454 1937 τό
488 1874 682 1953 ἐπικείμενον
711 1875 768 1937 τού
795 1873 929 1957 καιρσύ,
956 1867 1010 1936 ἐπί
1030 1868 1087 1947 τός
1114 1866 1218 1945 πύλας

110 1972 256 2039 dusino
275 1975 329 2055 τῆς
352 1972 480 2055 πόλεως,
502 1964 596 2047 όλλος
618 1965 714 2037 ἄλλον
736 1971 939 2057 πραφθύνειν
953 1968 1218 2053 κατεπειγόμτνοι.

111 2068 228 2157 μικρόν
249 2074 278 2137 δ’
299 2066 435 2155 ύστερον
458 2068 558 2156 ήτού
579 2074 761 2139 α’πσστύτσυ
781 2072 936 2157 ἐπιδημία
957 2070 1081 2157 φοβερά
1096 2094 1146 2145 τις
1166 2072 1223 2135 κατ’

113 2172 347 2258 καταπληκτική
369 2177 604 2259 κατηγγέλλετο,
625 2175 711 2262 ἵππῳ
724 2176 939 2261 στρατιωτικῷ
961 2170 1016 2237 καί
1029 2173 1145 2259 πεζικῷ
1157 2171 1220 2234 ‹lo-

114 2274 210 2357 νόμον
240 2273 285 2359 μή
314 2277 497 2341 α’ποδέσυσα
530 2273 610 2359 πρός
641 2272 750 2359 μόχην
782 2270 958 2358 βασιλικήν.
1011 2257 1161 2360 ἐδηούντο
1183 2265 1230 2335 δέ’

66 2379 171 2444 bosor*
191 2377 227 2442 τό
253 2366 470 2462 προστυχόντα
506 2378 560 2441 καί
581 2373 811 2461 όιηρπόζοντο·
863 2372 1067 2448 καίούόενός
1087 2367 1218 2456 ήττύται

116 2481 178 2547 τῶν
201 2480 337 2544 ἐθνικῶν
359 2477 374 2542 ό
397 2472 552 2566 ἐμφύλιος
573 2480 718 2558 πόλεμος.
762 2478 921 2561 τειχήρεις
935 2471 992 2542 σύν
1009 2469 1168 2558 γεγονότες
1189 2470 1222 2536 oi
1303 2525 1308 2533 ,

31 2579 35 2584 ’
116 2581 193 2665 περί
211 2579 268 2665 τήν
289 2580 521 2664 βασιλεύουσαν
551 2577 667 2664 σχεδόν
690 2575 826 2656 ἅπαντες
851 2582 915 2644 τῶν
941 2575 1031 2653 ἐντός
1056 2567 1222 2657 εἴχοντήν

118 2683 266 2770 φυλακήν
287 2685 439 2768 ἰσχυρῶς.
473 2681 543 2776 ,καί
568 2677 591 2756 ,ό
612 2681 762 2762 βασιλεύς
795 2679 849 2747 ἐπὶ
873 2682 927 2764 τής
956 2680 992 2744 ἐν
1022 2679 1222 2760 Βλαχέρναις

194 2847 236 2903 18.
256 2863 290 2900 an
309 2849 431 2916 στρατοῦ
451 2846 570 2904 ἱππικοῦ
583 2849 633 2902 καλ
648 2844 789 2910 πεζικοῦλ

124 3032 182 3068 enm
206 3015 283 3079 love,
311 2995 378 3065 'olam
403 3012 480 3080 regia
506 3011 612 3064 excedit
641 3017 667 3060 et
693 3009 769 3076 equis
793 3010 820 3059 in
845 3007 1044 3060 successionem
1073 3002 1224 3056 constitutis
1257 2990 1260 3002 ¹

124 3088 198 3158 quasi
217 3087 338 3138 volucris
356 3083 550 3150 Adrianopolin
570 3082 703 3134 defertur:
724 3089 751 3132 et
769 3079 946 3132 convolarunt
965 3094 1056 3131 omnes
1075 3077 1163 3129 statim
1179 3077 1225 3144 qni

124 3168 238 3212 oetatem
250 3158 401 3209 militarem
421 3155 551 3207 haberent
572 3167 697 3220 vespere,
718 3160 745 3204 et
757 3168 805 3219 per
824 3153 890 3203 duos
908 3161 936 3203 et
953 3160 1008 3202 tres
1027 3151 1084 3201 dies
1103 3150 1131 3199 in
1151 3147 1224 3198 mul.

123 3232 262 3284 titudinem
281 3243 401 3296 magnam
413 3236 440 3278 et
458 3227 603 3278 exereitum
613 3224 807 3276 memorandum
821 3224 888 3273 mire
901 3224 1048 3288 adaugetur
1066 3226 1224 3280 conventus,

125 3313 152 3355 et
163 3301 313 3370 insignibus
333 3307 440 3352 ornatus
456 3315 514 3349 cum
535 3297 610 3364 regia
637 3304 713 3348 veste
734 3294 809 3347 exsul
830 3293 879 3345 ille
899 3309 914 3343 a
933 3291 1118 3359 praesentibus
1136 3291 1224 3356 impe.
1255 3348 1260 3355 A

123 3383 195 3428 rator
221 3375 341 3425 dominus
368 3372 534 3423 renuntiatus
561 3376 601 3420 est
627 3367 790 3418 et'alterum
815 3367 884 3416 diem
903 3365 1069 3414 interliciens
1087 3361 1226 3427 proiectus

125 3455 165 3499 est
192 3445 276 3495 multa
302 3459 360 3494 eum
388 3442 549 3494 confidentia
566 3446 665 3490 'contra
688 3439 792 3490 beatam
818 3437 918 3488 urbem.
963 3435 1049 3486 coacti
1073 3447 1173 3498 arege
1192 3446 1227 3482 ex

125 3519 172 3570 illa
191 3517 291 3568 milites
311 3523 338 3565 et
355 3513 477 3566 nonnulli
496 3513 614 3564 illustres
627 3511 720 3578 palatii
740 3516 926 3579 exspectantes
944 3508 971 3558 in
992 3506 1058 3557 urbe
1077 3503 1227 3570 Selymbria

126 3598 154 3641 ut
181 3595 344 3655 aoeoperunt
368 3587 447 3638 huius
466 3586 608 3637 adventum
626 3597 749 3652 magnum
769 3590 795 3632 et
813 3579 1011 3632 intblerabilem
1031 3579 1130 3646 quippe
1149 3577 1228 3644 gravi

127 3661 247 3713 exercitu
266 3667 293 3710 et
311 3657 509 3726 pugnacissimo
528 3654 709 3718 conciliatum,
728 3653 841 3720 pedibus
860 3667 936 3719 quam
956 3657 1101 3717 potuerunt
1119 3647 1229 3698 fuerunt

128 3735 254 3798 reduces:
273 3731 408 3798 atquequi
420 3730 446 3778 in
464 3735 557 3794 aperto
577 3741 669 3792 canrpo
684 3741 713 3777 se
735 3727 916 3776 instruxerunt
937 3730 966 3773 ut
986 3723 1083 3788 cuique
1101 3736 1131 3769 so
1146 3735 1227 3787 prae.

127 3807 184 3856 buit
211 3812 314 3869 tompus
339 3815 467 3868 praesens
496 3800 528 3850 ari
546 3806 635 3864 portas
655 3798 868 3863 reprimebantur
887 3794 960 3845 urbis
981 3809 1039 3844 cum
1059 3793 1128 3845 alins
1146 3791 1228 3841 alium

129 3877 231 3928 anteire
257 3874 383 3924 studeret.
406 3870 514 3938 'paullo
540 3877 601 3936 post
621 3877 707 3920 autem
725 3875 865 3934 apostatae
883 3867 1014 3917 adventus
1033 3863 1181 3915 horrendus
1201 3869 1230 3911 et

128 3946 257 3999 terribilis
283 3945 469 4005 nuntiabatur,
494 3951 547 3993 non
574 3955 667 3992 carens
695 3942 815 4007 equitatu
839 3938 947 3988 militari
968 3944 994 3986 et
1012 3937 1129 4003 peditum
1148 3935 1176 3984 vi
1195 3933 1229 3984 ad

130 4034 242 4086 pugnam
263 4017 378 4082 regiam:
399 4011 571 4067 vastabantur
590 4021 677 4062 autem
693 4013 771 4061 etiam
790 4026 859 4077 quoe
878 4016 1051 4058 occurrerent
1070 4013 1096 4055 et
1114 4005 1228 4071 diripie-

130 4091 232 4150 bantur,
259 4103 348 4154 neque
374 4087 431 4137 ullo
457 4086 596 4153 gentilium
623 4084 735 4134 inferius
762 4090 802 4131 est
827 4083 958 4130 internum
975 4080 1097 4145 ¹bellum:
1124 4077 1228 4127 obsessi

132 4164 210 4229 igitur
236 4161 306 4227 regii
332 4159 391 4209 lere
416 4171 509 4208 omnes
532 4173 620 4228 rerum
646 4169 714 4222 quae
740 4155 810 4203 intus
834 4159 924 4214 erunt,
944 4151 1104 4217 praesidium
1124 4148 1228 4200 fortiter

133 4233 304 4284 exercebant:
331 4239 357 4283 et
381 4245 428 4284 rex
453 4231 481 4281 in
506 4245 568 4282 arce
592 4227 800 4282 blachernarum
825 4225 920 4278 sedens
940 4222 1047 4279 dolebat
1071 4221 1229 4274 familiarem
