2967 4825
285 264 358 355 son
574 284 792 357 ntentans
822 283 1081 354 nunnioni.
1162 240 1169 257 ’

284 452 386 540 ἐκείνῃ
407 447 464 533 ἔτι,
483 446 560 527 ἴσως
579 458 645 526 τοϊς
681 456 818 532 πολλοῖς,
842 450 896 513 ἐπί
922 450 979 533 γῆς
1000 447 1122 529 ἀτίμως
1142 440 1198 509 καί
1217 440 1385 527 τιτριωδά-

282 577 344 628 νως
359 555 545 638 κατέδραδε,
564 556 692 636 μοριόις
703 544 909 636 πανταχόθεν
926 547 982 613 καί
1001 544 1173 634 α’φορὴτοις
1191 541 1386 631 περικλυζό-

282 678 375 736 μενος
395 663 460 730 τοῖς
484 651 519 718 ἐκ
539 658 601 720 τῶν
622 656 784 737 λογισμῶν
802 650 858 717 κατ’
875 655 937 716 τοῖν
961 654 1032 715 κατ’
1056 641 1131 730 ὄψιν
1156 647 1298 733 α’νιαροόν
1317 644 1384 711 κά-

281 781 379 835 μασι·
423 762 463 844 τῇ
479 758 510 819 δ’
532 758 686 840 ἐπαύριον
707 756 912 839 ἀγγελθείσης
932 754 976 839 τῷ
989 750 1150 837 οονλτάνιρ
1172 747 1227 813 καί
1246 750 1302 831 τῆς
1322 750 1385 813 τοῦ

280 858 437 938 βασιλέως
461 850 620 939 άλοάσιονς,
639 857 727 941 χαρά
751 880 798 930 τις
826 848 958 932 άπλετος
986 853 1069 935 ὁμοῦ
1089 855 1145 917 καί
1166 852 1299 916 α’πιστία
1321 862 1418 914 ιτα-5

280 958 393 1040 τέοχεν
415 958 521 1042 ου’τάν,
543 958 685 1040 οἰόμενον
716 953 759 1032 ὥς
781 957 910 1040 άληθῶς
936 945 1018 1037 μέγα
1036 978 1066 1020 τι
1088 954 1143 1017 καί
1163 950 1384 1037 άπιρμέχεδις

280 1051 363 1123 εἶναι
383 1056 418 1123 τά
441 1056 520 1141 μετά
541 1062 598 1141 τῆς
618 1053 711 1143 ἥττης
727 1062 782 1122 τοῦ
803 1058 958 1140 βασιλέως
992 1057 1048 1120 καί
1066 1053 1165 1120 αάτὸν
1184 1056 1302 1119 ἐκεῖνον
1324 1052 1386 1114 δο-

281 1159 448 1244 ροάλωτον
469 1164 524 1225 καί
544 1163 667 1245 οἰκέτην
682 1164 801 1242 λαβεῖν.
844 1152 946 1234 οὕτως
968 1157 1178 1242 ἀνθρωπίνως
1201 1158 1256 1220 καί
1271 1175 1411 1220 νοννε-.

278 1260 347 1342 χῶς
369 1260 404 1324 τά
429 1263 613 1347 προτέρημα
635 1264 691 1345 τῆς
715 1262 800 1347 νίκης
827 1256 857 1323 οἱ
883 1261 1016 1342 Τοάρκοι
1047 1254 1201 1385 ἐδεξιιρπο,
1221 1255 1299 1340 μήτε
1319 1278 1387 1338 με-

280 1361 540 1449 μολαοχήοαντις
570 1357 623 1430 οἶα
646 1371 740 1450 φιλοῖ
765 1388 836 1446 περι
859 1361 916 1437 τάς
939 1363 1101 1483 εάτοχίας
1123 1360 1165 1437 ὥς
1186 1363 1302 1425 ἐπίπαν
1325 1384 1387 1422 πε·
1400 1368 1438 1422 10

282 1471 444 1550 ριπολτῐν,
473 1467 551 1551 μήτε
580 1470 617 1555 τῇ
637 1469 736 1553 οίκτίρι
767 1463 901 1547 δυνάμει
936 1462 972 1529 τά
995 1460 1121 1547 γεγονὸς
1143 1466 1387 1547 ἐπιτρέψαντες,

283 1566 364 1630 dard
390 1566 423 1631 τά
444 1570 520 1630 πᾶν
548 1570 592 1654 τῷ
620 1567 729 1655 θεῷ’
708 1572 934 1651 οναφέροντες,
969 1566 1012 1641 οδς
1039 1556 1201 1645 μεῖζον”
1180 1590 1200 1647 η
1223 1587 1301 1627 κατα
1324 1564 1389 1647 τὴν

219 1691 221 1698 ·
282 1663 407 1733 &aaron
429 1665 524 1751 ἐσχάν
547 1630 790 1744 άποτελέσαντις
819 1670 981 1753 τρόπαιον.
1038 1663 1090 1730 διά
1112 1668 1207 1731 τοῦτο
1228 1666 1283 1730 και
1302 1688 1389 1749 προ-

283 1772 456 1851 σαχθέντος
488 1774 532 1855 τῷ
569 1765 731 1857 σοολτάνρι
766 1773 824 1833 τοῦ
843 1770 1007 1852 ιβαοιλέως
1040 1770 1073 1833 ἐν
1108 1771 1146 1855 τῇ
1179 1766 1306 1831 εάττλιῖ
1330 1770 1391 1831 καί

282 1873 499 1956 στρατιωτικῇ
518 1867 692 1958 ἀμπεχόνῃ,
714 1874 769 1935 καί
784 1863 881 1945 αὖθις
896 1872 1056 1955 διαπορῶν
1069 1858 1107 1955 ἦν
1126 1871 1183 1933 καί
1200 1871 1388 1954 μαρτυρίαν
1402 1870 1440 1921 15

282 1974 358 2053 περί
376 1967 489 2034 τοάτον
526 1973 636 2054 ζητῶν.
691 1970 734 2047 ὥς
773 1975 802 2035 δ’
831 1970 1078 2060 ἐπληροφορὴθη
1108 1972 1197 2054 παρά
1219 1993 1253 2035 τε
1279 1962 1389 2033 ἄλλων

283 2075 339 2136 καί
358 2074 420 2135 τοῖν
440 2075 486 2146 εἰς
508 2072 608 2139 αὐτὸν
629 2074 834 2158 α’φικομένοον
854 2077 927 2139 ποτὲ
952 2078 1125 2159 πρέσβεων,
1151 2074 1206 2137 τὸν
1226 2074 1288 2138 τῶν
1303 2072 1391 2137 Ῥω-

283 2174 389 2252 μαίων
414 2177 550 2255 βασιλέα
580 2174 747 2258 τοχχάνειν
773 2173 824 2239 τὸν
842 2173 1094 2260 παριστάμενον,
1112 2171 1215 2249 ,εάθδς
1235 2174 1389 2254 ἐξανέστη

281 2273 338 2337 καί
362 2272 476 2356 αάτός,
511 2274 566 2339 κατ’
584 2278 854 2360 περιπτυξάμινος
886 2280 996 2341 τοῦτον
1012 2275 1077 2360 “μη“
1100 2276 1224 2341 tedae?
1243 2272 1317 2360 ἔφη,
1337 2266 1393 2337 “oi

281 2376 431 2458 βασιλεῦ,
453 2368 521 2440 ἄλλ’
552 2367 679 2455 εὔελπις
714 2374 769 2444 ἔσο
791 2378 851 2462 πρὸ
874 2378 1014 2461 πάντων,
1038 2376 1079 2454 ὥς
1103 2376 1212 2444 eridani
1231 2388 1443 2460 προσομωλθ

282 2475 389 2558 λήσεις
411 2476 546 2567 κινδύνῳ
567 2482 759 2567 σωματικῷ,
786 2482 946 2567 τιμηδὴσῃ
977 2482 1007 2544 δ’
1029 2479 1124 2559 άξίως
1146 2481 1202 2561 τῆς
1221 2477 1279 2545 'too‘
1302 2475 1389 2559 κρά·

283 2599 357 2653 τοος
388 2577 558 2663 ὑπεροχῆς.
602 2573 716 2666 άφρων
747 2580 805 2664 γάρ
836 2577 995 2656 ἐκεῖνοςά
1026 2579 1069 2664 μή
1102 2579 1162 2656 τάς
1182 2576 1389 2664 άπροάπτοος

158 2680 384 2774 molestiaene
416 2683 449 2756 ἐξ
479 2675 690 2768 άντοπιφοράς
721 2679 984 2776 τάλαβοάμινος.”
1039 2683 1190 2762 ἐπιτάξας
1216 2672 1274 2747 otia
1295 2681 1390 2768 αάτῷ

283 3005 343 3058 sine
372 3003 475 3055 honore
504 3009 531 3055 et
546 3002 709 3056 miserrimus
733 3002 845 3068 insedit,
874 3003 1110 3057 innumerabilibus
1129 3002 1246 3073 undique
1265 3011 1292 3055 et
1309 3003 1388 3056 into.

283 3075 441 3128 derabilibns
462 3076 682 3129 considerationis
708 3083 735 3126 et
754 3075 928 3144 aegritudinis
954 3091 1023 3144 qnae
1042 3083 1103 3128 ante
1123 3075 1216 3128 oeulos
1240 3084 1312 3127 esset
1330 3093 1388 3127 un.

282 3149 323 3200 dis
341 3147 503 3201 submersus.
541 3156 649 3214 postero
667 3155 755 3199 autern
774 3149 817 3200 die
837 3163 895 3199 curn
915 3148 993 3199 etiam
1011 3163 1103 3216 regern
1122 3156 1225 3214 captum
1246 3163 1305 3198 esse
1324 3147 1388 3199 sni.

282 3227 345 3271 tarro
362 3221 510 3271 nuntiatum
537 3228 623 3285 esset,
643 3221 802 3288 gandium
795 3235 949 3271 immensum
968 3218 1046 3272 simul
1066 3228 1093 3271 et
1111 3220 1240 3272 dubitatio
1260 3234 1320 3269 eum
1340 3228 1387 3271 te.

281 3291 372 3354 nebat,
393 3307 451 3342 enm
469 3299 575 3375 putaret
592 3306 712 3359 magnam
731 3307 828 3344 revera
846 3308 901 3343 rein
922 3300 949 3342 et
968 3292 1104 3360 ingentem
1123 3307 1193 3354 esse,
1210 3291 1280 3360 quod
1302 3305 1387 3358 prae-

280 3372 325 3415 ter
343 3362 445 3413 cladem
463 3364 536 3431 regis
567 3365 645 3415 etiam
674 3363 751 3414 illurn
781 3365 866 3431 ipsum
893 3370 996 3447 captam
1017 3371 1043 3414 et
1063 3379 1169 3415 servum
1189 3361 1309 3414 baberet.
1349 3363 1388 3414 ita

280 3436 360 3486 rnodo
386 3435 501 3485 hnmano
529 3442 556 3485 et
582 3436 727 3518 prudenter
756 3435 917 3486 commodum
938 3435 1067 3486 victoriae
1092 3435 1191 3487 ancae
1211 3441 1388 3501 acceperunt,

281 3522 371 3574 neque
389 3505 551 3573 gloriantes,
579 3514 608 3556 ut
633 3507 660 3557 in
685 3506 765 3558 rebus
786 3507 909 3559 secundis
931 3495 1092 3575 olerumqne
1111 3507 1169 3558 fieri
1188 3505 1274 3571 solet,
1294 3521 1388 3574 neque

280 3580 400 3646 ipsorum
419 3577 504 3643 copiis
517 3577 614 3628 iactum
633 3577 791 3643 tribuentes,
810 3579 856 3629 sed
876 3585 959 3630 toturn
972 3578 1005 3629 ad
1023 3578 1100 3630 deum
1114 3579 1265 3630 referentes
1285 3578 1388 3645 quippe

282 3650 330 3717 qni
348 3649 449 3699 maiora
474 3662 551 3714 quarn
570 3663 618 3714 pro
638 3649 756 3715 ipsorum
785 3651 813 3701 vi
831 3650 960 3717 trophaea
985 3650 1174 3703 coniecissent.
1213 3647 1389 3718 quamobrem

285 3722 364 3770 etiam
382 3725 521 3784 postquam
550 3718 676 3771 adductus
705 3728 746 3771 est
770 3721 801 3771 ad
827 3721 958 3773 sultanum
982 3737 1031 3772 rex
1054 3721 1103 3773 vili
1133 3730 1160 3773 et
1178 3720 1288 3773 militari
1307 3729 1389 3773 veste

283 3790 400 3852 indutus,
419 3804 511 3840 rursus
530 3789 578 3840 ille
597 3788 745 3842 haesitabat
764 3800 791 3842 et
810 3794 988 3844 testiinonium
1013 3794 1046 3844 de
1072 3792 1122 3845 illo
1143 3793 1305 3862 quaerebat:
1325 3809 1390 3844 enm

284 3869 372 3913 autern
402 3862 427 3911 ei
452 3876 607 3927 persuasum
634 3870 704 3914 esset
723 3871 750 3914 et
768 3864 800 3914 ab
819 3864 880 3915 aliis
903 3872 929 3916 et
958 3865 1088 3933 alegatis
1110 3867 1154 3932 qni
1175 3864 1239 3916 olirn
1257 3866 1290 3917 ad
1308 3863 1389 3916 ilium

281 3931 458 3998 ventitabant,
480 3932 556 3984 illurn
576 3935 621 4002 qni
640 3935 756 3986 adstaret
775 3950 835 3986 esse
847 3936 1007 3988 Graecorum
1025 3953 1127 4006 regern,
1147 3946 1202 3989 turn
1222 3938 1341 3990 surrexit
1363 3943 1391 3986 et

282 4005 342 4070 ipse
371 4012 398 4055 et
423 4004 560 4071 amplexus
586 4005 666 4056 bunc.
713 4023 749 4058 ne
776 4009 885 4072 timeas,
915 4009 1015 4075 inquit,
1035 4025 1096 4060 rex·
1116 4010 1163 4061 sed
1182 4008 1328 4078 tranquillo
1350 4007 1390 4059 sis

186 4131 190 4138 Ι
281 4077 370 4126 anirno
390 4091 477 4127 coram
496 4076 632 4142 omnibus,
658 4094 716 4130 curn
736 4080 764 4130 in
792 4078 894 4131 nullum
924 4082 1044 4163 corporis
1067 4080 1217 4147 pericnlum
1244 4083 1391 4134 incasurus

281 4147 335 4200 ais:
353 4147 400 4198 sed
419 4147 592 4202 honoraberis
611 4150 692 4217 digne
710 4152 848 4217 potentiae
867 4151 1039 4218 principatu.
1056 4153 1217 4240 imprudens
1236 4155 1307 4208 enirn
1325 4150 1391 4217 iile,

281 4218 327 4287 qni
347 4220 507 4287 improvisos
534 4236 611 4276 casus
636 4236 670 4272 ex
700 4221 807 4313 ultione
832 4236 887 4274 non
911 4223 1011 4278 timeat.
1055 4226 1190 4295 imperans
1210 4226 1293 4296 igitur
1311 4231 1344 4276 ut
1365 4225 1392 4276 ei
