2967 4825
250 236 299 327 εδ
532 256 772 345 ,masalmas
802 253 1062 324 stammana

248 421 285 488 τό
313 426 465 507 δριγγίον.
509 421 564 487 καί
577 422 775 497 εἰσπεσόντες
798 419 887 485 ἔνδον
903 419 1038 494 πολλοός
1060 417 1201 507 άνῄρουν
1223 416 1280 484 καί
1298 444 1359 484 σοι

249 526 403 590 vendrous
424 527 487 590 τιόν
510 526 545 589 δτι
568 525 626 590 τοῦ
641 523 804 608 χάρακος,
824 518 951 606 ἑτέρους
978 523 1015 587 δὲ
1035 524 1155 612 ζωγρίᾳ
1175 514 1259 587 εἷλον
1279 526 1361 587 πολ·

249 623 334 700 λαός.
362 620 391 689 οἱ
412 626 447 689 δέ
470 627 699 709 περισωθέντες
719 622 807 701 ἐντός
829 625 937 689 πολιόν
966 618 1144 705 άπότρομοι
1167 624 1359 706 εἰσεδέχθη·-

223 722 224 725 '
249 748 318 790 σαν.
362 722 443 807 οἶδ’
467 724 521 791 ἐπί
540 727 604 789 ναόν
617 728 733 809 τειχῶν
754 728 799 814 τῷ
821 720 912 813 φόβῳ
926 726 1184 798 κατασειοδέντες
1197 726 1254 805 τῆς
1274 747 1358 787 συν-

180 896 184 911 ,
249 829 376 912 δρομῆς,
398 830 452 893 κατ’
474 828 656 898 τῶνπυλῶν
677 831 844 913 κυριεῦσαι
866 822 943 899 τοός
966 822 1136 905 πολεμίους
1158 828 1387 910 νομίσαντες,5

249 932 350 994 ταῦτα
365 927 589 1005 καταλιπόντες
610 931 771 1011 δρομαίανς
792 927 846 993 ἐπί
865 925 904 992 τοὶ
922 923 1031 1011 πρόσω
1044 927 1101 1007 τῆς
1115 922 1233 1000 πόλεως
1254 923 1356 990 ἔδεον.

249 1031 304 1094 κοιί
324 1022 363 1114 ἦν
389 1029 572 1113 ἐψιλωμένα
591 1028 703 1094 ’πάντα
727 1028 888 1117 φυλάκων,
918 1028 974 1091 καί
992 1027 1109 1110 δρόμος
1132 1025 1193 1089 οἷνά
1215 1023 1274 1109 την
1298 1028 1357 1089 πό-

248 1136 298 1198 λιν
316 1134 370 1196 καί
390 1133 519 1207 δίαυλος
551 1122 696 1216 ἄτακτός,
717 1135 793 1195 ’τεόν
824 1136 882 1209 μὲν
911 1128 992 1213 πρός
1013 1127 1089 1202 roric
1121 1124 1218 1202 ναοός
1240 1128 1297 1190 καί
1314 1120 1356 1191 τό

247 1229 318 1317 ἱερά
342 1228 607 1317 προσφεογόντων
628 1230 760 1316 κοίτην
780 1233 845 1299 τῶν
867 1224 934 1296 άνω
955 1228 1144 1311 συμμαχίαν
1163 1230 1358 1308 ἑκκαλουμέ·

247 1356 317 1415 νων,
342 1332 532 1397 revetata
554 1331 707 1417 όδορμοῖς
727 1322 922 1417 προσιόντων
946 1330 1042 1405 οἴκοις
1064 1336 1267 1411 συγγενικοῖς,
1291 1331 1357 1393 ταῖν
1369 1350 1409 1405 10

247 1437 283 1499 δὲ
307 1432 387 1517 πρός
417 1433 517 1517 όλκὴν
543 1440 815 1518 παρεγγυωμένων
839 1438 1044 1517 τραπέσθαι,
1066 1429 1104 1496 τά
1133 1433 1189 1515 τῆς
1206 1427 1358 1506 άλαόσεως

249 1538 497 1617 ἐνθυμουμένων
520 1535 621 1600 δεινά.
677 1536 751 1601 etos
778 1545 921 1620 γυναῖκες
949 1530 1063 1618 ταύτης
1091 1536 1145 1616 τῆς
1171 1534 1358 1615 συνδρομῆς

248 1636 394 1719 ὑπῆρχον
416 1634 578 1720 όμὲτοχοι.
632 1634 686 1701 καί
714 1638 745 1701 εἰ
763 1638 807 1721 μά
826 1662 874 1713 τις
909 1632 1055 1720 λογισμός
1076 1630 1278 1718 ὑπερήφανος
1297 1634 1358 1696 τοῦ

232 1736 439 1821 ινενικηκότος
457 1744 665 1822 περιεγένετο,
688 1732 950 1824 ἢφιλάνδρωπος
962 1734 1078 1813 ἔννοια,
1101 1734 1144 1810 οός
1159 1732 1248 1816 λόγος
1268 1732 1356 1813 μάλ.

251 1844 306 1903 λον
326 1835 420 1922 αἱρεῖ,
443 1836 494 1903 ἵνα
513 1839 558 1923 μη
582 1844 618 1927 τῇ
638 1844 692 1923 τῆς
724 1835 853 1905 εἰσόδου
873 1836 1026 1921 συγχόσει
1046 1838 1149 1911 κακῶς
1173 1826 1254 1918 άγον
1277 1837 1356 1900 διοι-
1370 1862 1408 1915 15

247 1939 325 2026 τεθῇ
346 1936 382 2001 τό
408 1932 593 2026 ὁμόφυλον,
619 1934 714 2024 ἢκαό
733 1939 867 2015 παλαιὸς
886 1940 991 2023 λόχος,
1021 1936 1058 2003 όν
1079 1940 1135 2002 καί
1156 1936 1243 2023 αότῷ
1263 1938 1357 2001 ἐπει·

248 2046 318 2133 πεῖν
341 2038 412 2104 τινά
438 2038 582 2123 λέγεται,
608 2040 640 2106 τό
661 2042 754 2109 “atim
777 2043 832 2104 καί
852 2038 898 2125 μη
921 2039 1110 2123 όπερνίκα,”
1127 2040 1184 2122 τῆς
1205 2039 1268 2101 τῶν
1289 2062 1358 2102 πυ.

247 2146 312 2207 λαόν
332 2145 535 2227 ἐπικρατείας
565 2143 662 2209 αὐτόν
681 2138 887 2227 διεκώλυσεν,
909 2142 1059 2226 εόμαραῖς
1087 2133 1127 2205 όν
1146 2141 1278 2221 ε’πέτυχε
1297 2143 1360 2225 τῆς

246 2246 395 2327 ἐπιβολῆς
416 2246 470 2307 καί
488 2248 598 2326 μεῖζον
618 2236 644 2328 ’ἢ
674 2242 752 2307 κατά
781 2241 854 2317 τούς
880 2242 1011 2317 λοιποός
1040 2241 1225 2315 ἀποστάτας
1250 2237 1357 2325 ἤρατο

246 2346 344 2430 κλέος,
366 2348 490 2434 πολέμῳ
513 2344 574 2430 την
604 2348 665 2410 ταῖν
692 2344 811 2409 π’ὀλεων
838 2340 1032 2430 μητρόπολιν
1060 2336 1108 2407 ἔνι’
1126 2346 1182 2406 καί
1203 2342 1355 2434 συντόμῳ
1368 2366 1408 2420 20

247 2442 534 2530 παραστησόμενος.
587 2453 643 2513 νῦν
668 2450 703 2510 δὲ
732 2445 980 2532 καταφρονήσας
1006 2449 1065 2508 τοῦ
1086 2439 1214 2529 πρόσω,
1232 2442 1293 2508 σόν
1310 2446 1360 2531 τῇ

247 2545 316 2635 νίκη
338 2550 394 2612 καί
411 2553 466 2631 τῆς
488 2548 604 2625 σι’κείας
628 2552 816 2622 δυναστείας
839 2548 891 2610 καί
917 2549 1076 2630 σωτηρίας
1094 2548 1248 2626 ἐξέπεσεν.
1293 2539 1358 2606 αό-

126 2655 308 2722 Μλνατως
337 2645 370 2712 όν
399 2653 525 2725 πολλοῖς
552 2652 614 2713 τῶν
644 2645 942 2734 ἀνδραγαθημάτων
972 2646 1121 2722 πολλάκις
1148 2648 1168 2730 ἢ
1199 2645 1297 2728 α’νοχὴ
1317 2647 1359 2710 τό
1393 2672 1403 2684 -

323 2827 363 2882 12.
384 2841 418 2880 an
437 2825 694 2902 ένδυμουμίνονςλ
758 2829 760 2833 ’
804 2825 846 2878 16.
865 2823 907 2882 τόν
922 2828 970 2880 καλ
988 2821 1076 2885 αὐτόν
1098 2825 1127 2880 G.

250 2973 297 3044 qui-
314 2972 342 3025 in
361 2974 435 3026 uallo
456 2983 546 3028 erant:
576 2975 645 3027 alios
672 2976 750 3027 vivos
779 2975 920 3042 capiebant
938 2974 1050 3038 maltos,
1076 2975 1176 3026 serrati
1195 2981 1283 3026 autem
1306 2975 1360 3026 in.

249 3055 291 3098 tra
319 3054 409 3112 portas
434 3047 531 3114 trepidi
565 3048 667 3114 recepti
703 3055 773 3099 sunt.
817 3049 866 3115 qui
891 3055 979 3097 autem
1005 3049 1032 3097 in
1055 3048 1137 3097 muris
1168 3053 1261 3108 erant,
1281 3057 1360 3099 metu

175 3151 177 3157 ι
249 3119 374 3170 concussi
406 3120 520 3185 impetus
553 3129 580 3171 et
616 3120 700 3186 portis
733 3121 832 3185 potitos
851 3134 925 3170 ‘esse
952 3118 1043 3169 hostes
1067 3119 1205 3181 arbitrati,
1237 3118 1279 3168 his
1305 3133 1359 3169 re.

249 3190 321 3242 lictis
356 3205 435 3242 cursu
461 3192 492 3242 ad
517 3207 565 3256 ea,
593 3207 661 3260 quae
687 3199 748 3242 ante
765 3191 857 3241 urbem
877 3198 953 3253 sunt,
980 3190 1149 3240 currebant·
1178 3198 1258 3258 utque
1278 3199 1361 3241 erant

248 3260 345 3312 nudata
378 3263 466 3312 omnia
499 3264 670 3327 custodibus,
699 3259 725 3314 et
751 3279 843 3314 cursus
870 3270 926 3313 erat
955 3277 1002 3328 per
1033 3261 1125 3312 urbem
1154 3270 1180 3312 et
1210 3262 1361 3326 trepidatio

176 3345 177 3352 ¹
248 3335 352 3384 incerta
382 3349 440 3384 cum
466 3333 511 3385 alii
540 3336 570 3386 ad
598 3333 698 3401 templa
726 3334 842 3401 etiana
867 3333 1062 3401 confugerent,
1083 3341 1110 3383 et
1128 3348 1282 3399 superorum
1303 3347 1359 3383 an.

237 3404 342 3456 'xillum
361 3405 534 3469 invocarent,
555 3407 603 3457 alii
628 3407 803 3456 lamentantes
830 3405 990 3456 accederent
1010 3405 1042 3455 ad
1069 3405 1161 3456 domos
1180 3401 1359 3472 propinquas,

248 3475 295 3526 alii
320 3477 364 3542 qui
390 3477 422 3526 ad
448 3476 629 3544 fortitudinem
655 3494 685 3528 se
711 3485 818 3526 vertere
846 3477 910 3527 iussi
937 3484 1012 3527 erant
1041 3477 1254 3543 expugnationisr
1270 3477 1359 3527 terri.

248 3547 314 3598 bilia
334 3547 403 3597 lacta
423 3549 580 3612 cogitarent,
601 3563 690 3616 neque
708 3547 836 3598 mulieres
857 3547 933 3599 huius
953 3563 1099 3602 concursus
1117 3548 1259 3598 manebant
1272 3549 1359 3614 lgna-

249 3632 313 3680 rae,
334 3626 414 3685 atque
440 3619 492 3668 nisi
517 3620 644 3686 quaedam
671 3621 740 3670 ratio
764 3618 837 3670 celsa
867 3621 976 3672 victoris
1002 3618 1180 3686 superfuisset
1206 3621 1266 3670 sive
1300 3619 1359 3670 hn-
1389 3638 1391 3643 ·

249 3705 325 3740 mano
355 3690 499 3756 cogitatio,
525 3698 553 3741 ut
581 3691 648 3740 ratio
675 3691 760 3758 magis
787 3692 944 3757 persuadet,-
964 3709 998 3742 ne
1018 3693 1110 3754 aditus,
1130 3691 1289 3742 confusione
1307 3692 1358 3740 ni.

249 3763 298 3811 mis
318 3760 387 3812 male
406 3767 563 3813 tractaretur
583 3777 649 3830 gens
669 3770 782 3831 cognata
801 3765 859 3814 slve
879 3765 955 3814 etiam
969 3772 1046 3814 vetus
1056 3779 1153 3828 sermo,
1174 3771 1203 3811 ut
1223 3771 1249 3812 et
1268 3765 1359 3828 ipsum

250 3833 379 3900 quendam
399 3831 531 3884 elocutum
562 3849 622 3885 esse
641 3835 760 3885 tradunt:
788 3836 888 3885 “vince
906 3851 959 3885 neu
978 3837 1057 3885 nimis
1089 3837 1204 3896 vince,''
1222 3840 1242 3883 'a
1260 3842 1360 3900 porta.

190 3949 194 3958 ,
249 3918 306 3955 rum
325 3906 502 3970 occupatione
522 3920 581 3956 eum
598 3907 737 3969 arcuisset,
758 3905 839 3957 facile
853 3908 990 3958 evenisset
1008 3909 1033 3956 ei
1048 3909 1160 3973 impetus
1182 3915 1209 3955 et
1226 3907 1359 3956 maiorem

250 3990 326 4042 quam
346 3977 373 4024 in
393 3979 489 4026 ceteris
509 3979 636 4043 apostatis
657 3987 837 4042 comparasset
851 3978 972 4044 gloriam,
992 3981 1013 4028 si
1033 3978 1107 4028 bello
1126 3978 1230 4029 urbium
1250 3986 1358 4026 metro.

248 4045 325 4112 polin
344 4061 396 4097 uno
424 4055 450 4098 et
475 4048 553 4098 brevi
572 4050 738 4100 subiecisset.
784 4065 853 4100 nunc
872 4059 959 4100 autem
985 4067 1043 4100 cum
1061 4050 1215 4117 negligeret
1234 4063 1357 4114 sequen.

249 4119 301 4180 tia,
329 4119 406 4168 simul
430 4133 490 4168 eum
515 4116 733 4171 uictoria'etiam
754 4137 825 4172 stram
853 4123 937 4186 ipsius
962 4122 1167 4172 dominationem
1194 4129 1221 4171 et
1239 4121 1358 4171 salutem

250 4189 372 4260 perdidit.
410 4191 447 4246 ita
466 4191 493 4242 in
513 4193 601 4246 multis
628 4193 735 4245 lortium
756 4193 884 4245 laetorum
910 4208 990 4260 saepe
1018 4195 1125 4261 requies
1148 4193 1274 4245 maiorem
1295 4193 1356 4244 eri.
