2967 4825
119 240 128 310 i

562 268 770 341 atomum
814 308 816 316 ,
861 318 883 355 ,,,-
927 300 952 339 2
1139 266 1214 353 idi,

122 434 208 518 χείας
224 433 315 497 δονκί
335 434 379 519 τρῖ
394 432 617 521 Χατατουρίφ,
640 433 735 527 α’νδρί
749 436 880 523 γενναίῳ
901 431 957 499 καί
977 433 1076 499 πολλά
1098 434 1220 500 ε’πιδει-

125 537 241 623 teptsp
264 536 319 615 τῆς
340 532 456 616 ἀρετῆς
486 534 588 597 αδτοό
608 530 648 599 τά
665 540 880 619 ,γνωρίσματα
903 529 1080 622 πρότερον,
1102 538 1221 621 προδε-
1290 544 1297 563 ²
1323 614 1330 633 ι

124 636 240 725 ξομόνιρ
268 638 303 699 δὲ
325 629 414 717 παρά
435 637 495 697 τοῦ
521 638 677 717 βασιλέως
701 638 747 711 είς
771 639 1009 719 Μαψαυεστίαν
1041 638 1219 721 α’πανιῆσαι

122 738 162 813 oie
184 733 279 818 τάχος
309 737 365 800 καί
391 741 457 810 τοῖς
491 732 643 821 Τοόρκοις
672 739 795 803 ἐκεῖθεν
828 735 1043 821 παροδεύουσι
1062 742 1221 821 συμμῖξαι

99 838 312 919 ὅπολεμικιός,
337 828 392 899 άτε
415 836 471 899 καί
492 837 553 900 τεόν
574 839 607 901 ἐν
624 844 691 913 τοῖς
718 836 853 920 ὀρεινοῖς
873 839 925 922 τῆς
950 841 1139 913 Σελευκείας
1160 826 1221 903 ssu-2

121 938 303 1006 ταικαόντων
318 936 493 1020 Ἀρμενίων
515 940 804 1024 προδιαρισθέντων
825 941 858 1004 ἐν
872 946 935 1015 τοῖς
954 945 1122 1014 στενωποῖς
1146 937 1221 1015 τοός

125 1039 281 1124 Τοόρκοος
303 1040 521 1121 καταδραμεῖν
542 1042 597 1103 καί
619 1042 764 1103 κακιόσαι
785 1036 865 1103 κατά
891 1036 924 1103 τό
952 1035 1124 1123 ἐγχωροῦν.
1167 1024 1222 1105 καί

120 1138 177 1223 γάρ
209 1135 266 1222 την
299 1136 451 1203 ἐπάνοδον
483 1141 647 1215 δείσαντες
685 1136 715 1204 oi
738 1142 884 1220 πολέμιοι
920 1136 973 1203 διά
998 1135 1032 1203 τό
1057 1132 1219 1205 πυθέσθαι

120 1238 189 1324 περί
220 1241 276 1322 τῆς
296 1243 355 1303 τοό
377 1244 537 1321 βασιλέως
557 1241 746 1325 ἐπιδημίας,
784 1238 838 1305 διά
871 1242 935 1305 τῶν
957 1243 1013 1323 τῆς
1034 1243 1220 1321 Σελευκείας

83 1350 112 1404 10
121 1342 202 1426 α’ριόν
225 1343 466 1425 ε’πορεόθησαν,
502 1345 557 1406 καί
587 1346 631 1416 εἰς
652 1344 707 1426 τήν
735 1344 790 1426 τῆς
816 1345 943 1427 Ταρσοῦ
964 1342 1102 1407 πεδιάδα
1122 1368 1221 1429 κατη-

119 1446 336 1529 κοντίσθησαν.
384 1439 465 1507 ’ἔνθα
488 1438 576 1525 παρά
600 1443 664 1507 τῶν
682 1441 860 1527 Ἀρμενίων
890 1447 1142 1527 σογιιυρηθίντες
1163 1440 1220 1529 την

119 1541 368 1629 λαφυραγωγιάν
389 1545 495 1608 πάσαν
515 1540 631 1625 σχεδόν
657 1542 826 1625 despoton.
871 1543 965 1610 arisai
985 1545 1020 1608 δὲ
1040 1543 1219 1609 διασωθέν-

118 1666 164 1719 τες
184 1647 361 1729 μοχθηρῶς
384 1645 539 1708 ἐπέτεινον
561 1642 616 1709 τόν
637 1643 778 1727 δρόμον,
801 1646 853 1731 ἐφ’
875 1636 899 1735 ᾧ
922 1645 1059 1710 διελθεῖν
1082 1646 1124 1709 δι’
1148 1639 1222 1730 όλης
1319 1718 1322 1721 ,

118 1747 169 1827 τῆς
192 1748 343 1820 Κιλικίας
364 1746 420 1809 καί
438 1746 482 1819 είς
502 1742 539 1809 τά
562 1747 618 1809 roi
643 1746 756 1811 Χάλεπ
774 1751 957 1830 ,προσμῖξαι
983 1738 1067 1831 όρια.
1108 1768 1223 1832 προεν-

83 1843 261 1928 ι5τυχόντες
290 1849 320 1910 δ’
346 1845 494 1930 α’λλήλοις
528 1846 562 1911 οἳ
578 1872 611 1912 τε
642 1846 730 1931 παρά
759 1852 816 1912 τοῦ
839 1851 998 1931 βασιλέως
1021 1851 1221 1933 πεμφθέντες
1287 1886 1294 1905 ,

117 1946 203 2011 καῖό
225 1948 281 2031 τῆς
300 1948 497 2031 Ἀντιοχείας
519 1948 655 2034 στρατός
674 1950 756 2031 μετά
779 1954 836 2014 τοῦ
853 1952 1048 2034 δηλωθέντος
1069 1940 1221 2031 ἡγεμόνος
1327 1954 1354 2032 „¹

117 2050 231 2132 αότοόν,
252 2046 361 2133 ἐώρων
383 2046 458 2125 νοός
485 2047 646 2127 ε’ναντίους
668 2048 748 2115 κατά
770 2075 857 2126 τινας
888 2051 1036 2135 μετρίους
1060 2046 1220 2133 α’ριθμοός
1317 2034 1340 2052 ”

117 2149 301 2235 προϊόντας,
326 2147 422 2213 edroi
447 2148 525 2214 κατά
543 2147 604 2234 την
632 2148 724 2216 πόλιν
748 2153 980 2233 Μοψουεστίας
1012 2150 1121 2226 αδτοῖς
1142 2150 1222 2236 ἐφε-

119 2251 292 2333 δρεύοντες.
346 2253 514 2336 προέμενοι
539 2253 573 2315 δὲ
594 2249 650 2316 τόν
672 2249 784 2336 καιρόν
813 2252 867 2335 τῆς
897 2254 942 2327 είς
965 2248 1084 2324 αότοός
1106 2252 1219 2315 daedi·

79 2370 196 2430 mutere
219 2347 381 2439 προφάσει
403 2353 459 2417 roei
479 2352 523 2437 μὴ
544 2350 707 2436 σποράδος
730 2345 958 2432 ὅνταςαδτοός
981 2352 1220 2435 διασκεδασθῆ-

24 2450 25 2455 ’
55 2471 59 2480 “
118 2477 167 2518 ναι
201 2454 377 2538 ποιήσωσι,
410 2457 465 2519 καί
503 2453 738 2542 περιμείναντες
769 2455 828 2528 ἓως
858 2446 898 2517 dv
929 2450 983 2518 ε’τιί
1016 2455 1220 2536 παρεμβολῆς

119 2555 336 2639 άθροισθαῑσι,
367 2557 504 2642 μεγάλης
533 2553 702 2640 νίκηςκαί
722 2557 910 2640 στρατηγίας
943 2554 1110 2636 α’πέτνχον.
1152 2575 1219 2634 μα-

60 2732 65 2740 ,
119 2653 227 2734 δόντες
250 2658 310 2744 γάρ
337 2655 366 2723 οἱ
389 2663 534 2742 πολέμιαι
554 2660 587 2738 ε”ξ
607 2655 792 2723 ἑαλωκότων
812 2657 905 2723 τινάν
927 2654 980 2742 τὴν
997 2656 1042 2729 είς
1058 2657 1220 2751 Μοψευε-

118 2759 207 2823 στίαν
228 2761 292 2824 τάν
313 2757 479 2842 Ῥωμαίων
500 2760 718 2846 συνάθροιοιν,
738 2759 820 2843 μηδὲ
843 2754 959 2846 μικρόν
982 2755 1220 2843 ἐγχρονίσαντες

186 2935 212 2989 9.
227 2938 402 3030 Χσελεναείισν
422 2937 452 2993 G.

118 3127 190 3172 retur
208 3118 270 3170 duci
288 3119 448 3171 Antiochiae
471 3120 635 3186 Chataturio‚
654 3121 714 3172 viro
730 3095 815 3171 nobili
839 3119 929 3188 etqui
957 3118 1038 3170 multa
1065 3120 1219 3172 ostenderat

118 3193 224 3244 virtutis
242 3207 306 3242 suae
324 3193 401 3260 signa
420 3200 498 3243 antea
517 3201 544 3244 et
562 3195 649 3247 iussus
670 3200 727 3243 erat
746 3200 825 3243 antea
842 3207 857 3242 a
876 3207 941 3259 rege
960 3191 1149 3256 Mopsuestiam
1168 3192 1218 3243 ad.
1318 3251 1323 3264 N

118 3265 211 3317 venire
231 3279 308 3331 quam
326 3263 466 3315 celerrime
486 3273 512 3315 et
528 3281 585 3316 cnm
597 3266 688 3317 ancis
707 3264 768 3314 inde
789 3262 994 3330 procedentibus
1008 3278 1100 3315 manus
1121 3277 1219 3315 couse-

118 3351 176 3386 rere
195 3333 280 3399 bello,
300 3350 358 3385 enm
378 3337 456 3387 etiam
466 3337 599 3390 Armeniis
618 3339 646 3388 in
666 3335 798 3387 montibus
813 3334 954 3390 Seleuciae
972 3334 1151 3386 habitantibus
1169 3349 1221 3385 an-

119 3415 161 3457 tea
178 3408 336 3472 imperatum
356 3416 436 3471 esset,
455 3411 530 3460 nt'in
550 3401 680 3477 angstsstiis
699 3407 796 3460 'furcas
816 3407 1026 3476 aggrederentur
1045 3415 1072 3458 et
1091 3413 1221 3459 vexarent

119 3494 195 3547 quarn
215 3485 328 3545 possent
345 3480 468 3530 maxime.
506 3482 605 3532 etenim
623 3483 674 3532 iter
695 3480 775 3531 veriti
795 3480 885 3530 hostes
914 3494 973 3528 cnm
997 3478 1164 3531 audivissent
1187 3479 1221 3529 de

121 3551 193 3618 regis
226 3549 397 3617 profectione
421 3567 469 3619 per
497 3551 639 3604 Seleuciae
666 3561 769 3604 montes
795 3550 907 3619 proiecti
934 3556 1008 3614 sunt,
1040 3559 1066 3602 et
1093 3551 1121 3600 in
1148 3549 1221 3601 Tarsi

121 3637 211 3689 campo
232 3621 450 3695 copticiebantnr,
465 3624 510 3675 ubi
532 3623 564 3676 ab
573 3625 706 3677 Armeniis
719 3623 879 3691 deprehensi
894 3623 1016 3690 praedam
1034 3637 1138 3673 omnem
1163 3621 1232 3682 fere¹

120 3695 280 3746 amiserunt:
305 3695 356 3760 ipsi
376 3703 462 3746 autem
482 3699 581 3748 servati
601 3712 682 3764 aegre
693 3694 922 3764 persequebantur
934 3709 1047 3759 cursum,
1059 3695 1144 3746 donee
1156 3708 1221 3762 per-

120 3765 244 3816 venirent
263 3781 312 3832 per
324 3773 404 3817 totam
425 3767 546 3821 Ciliciam
567 3777 592 3820 et
611 3770 857 3836 appropinquarent
876 3764 989 3831 Chalepi
1009 3766 1114 3818 finibus.
1153 3781 1221 3817 con-

120 3839 261 3889 venientes
280 3845 368 3888 autem
386 3840 502 3890 invicem
522 3848 548 3891 et
567 3841 612 3908 qui
631 3856 646 3891 a
664 3856 730 3909 rege
750 3839 822 3890 missi
843 3846 917 3889 erant
928 3845 954 3888 et
968 3837 1159 3890 Antiochensis
1170 3853 1220 3888 ex-

121 3911 219 3961 ercitus
238 3925 298 3960 curn
316 3913 472 3962 renunciate
491 3913 558 3963 duce
578 3912 703 3963 videbant
722 3910 813 3962 hostes
838 3910 955 3962 numeris
981 3910 1135 3976 quibusdam
1160 3923 1221 3962 mo-

121 3981 186 4033 dieis
205 3983 344 4048 progredi,
364 3984 413 4049 ipsi
435 3984 503 4048 apud
522 3983 614 4034 urbem
632 3984 820 4049 mopsuestiam
840 3983 873 4032 iis
894 3980 1066 4032 insidiantes:
1094 3982 1220 4034 emitten-

120 4060 159 4103 tes
178 4059 266 4105 autem
290 4057 460 4105 occasionem
480 4070 526 4106 eos
546 4056 718 4123 aggrediendi
738 4061 877 4120 praetextu
897 4068 931 4102 ne
951 4067 1057 4124 sparsos
1082 4069 1112 4104 se
1138 4053 1220 4106 dissi-

121 4125 176 4189 pari
195 4133 367 4191 paterentur,
390 4135 416 4178 et
435 4136 638 4194 exspectantes,
666 4128 752 4178 donee
777 4127 804 4175 in
823 4132 910 4176 eastra
935 4125 1021 4175 coacti
1043 4133 1143 4190 essent,
1162 4141 1221 4176 mn.

121 4209 199 4262 gnam
216 4197 354 4253 victoriam
373 4207 400 4251 et
420 4200 616 4266 expeditionem
635 4198 815 4268 perdiderunt.
854 4213 912 4249 cum
932 4197 1004 4250 enim
1030 4198 1222 4270 cognovissent
1292 4227 1295 4234 ·
