2967 4825
530 210 789 343 uestrorum⁸
1131 269 1202 345 toa

103 426 145 499 ὧν
170 426 267 518 ἦρχεν
296 437 375 520 α’νὴρ
411 438 604 523 δραστήριος
632 447 688 505 καῖ
713 446 800 525 γένος
833 442 943 525 ου’χῶν
971 440 1134 521 βασιλικὸν
1163 446 1199 509 ε’τι

44 534 53 550 ‘
102 536 273 616 Περσίδος,
304 534 433 618 όνόματι
464 539 666 623 Ἀμερτικῆς,
688 539 853 625 μακρόθεν
886 536 1033 624 ἑπόμενοι
1052 543 1107 608 καί
1130 536 1197 610 οἷον

78 636 348 719 δορυφοροῦντες
370 632 483 722 ἢπρὸς
496 644 646 719 ἐπίδειξιν
667 647 915 725 περιτρέχοντες.
939 648 1013 728 περὶ
1035 646 1070 709 δέ
1091 646 1198 729 δείλην

101 735 193 817 ὀψίαν
217 740 566 861 στρατοπεδευσάμενος
597 740 612 828 δ
635 741 791 823 βασιλεός
819 744 879 860 πρὸ
910 748 970 808 τοό
993 739 1197 863 Ἱεραπόλεοις

78 829 262 953 5όρτεος’
223 862 345 923 ταφρον
360 841 461 905 έκεῖοε
479 866 531 905 και
548 840 675 961 χάρακα
690 841 772 909 κατὰ
797 842 831 909 τό
852 846 1032 927 εἰθισμένον
1051 838 1196 928 ἐπήξατο.
1227 920 1228 923 ¹

100 930 183 1003 οόπω
215 940 249 1001 δὲ
279 938 335 1023 τὴν
364 941 544 1026 αποπκευην
578 941 606 1008 οἱ
624 943 778 1027 Ῥωμαῖοι
808 949 945 1028 βεβαίως
974 954 1043 1027 ταῖς
1067 954 1196 1029 σκηναῖς

98 1038 294 1160 ἀποθέμενοι,
314 1042 427 1124 μηδ’
412 1040 652 1125 εχχρονίσαντες
675 1046 828 1129 τούτοις,
851 1039 920 1113 ὅσοι
943 1049 998 1131 τῆς
1020 1045 1196 1133 ὑπηρεσίας
1222 1055 1228 1063 “

99 1139 237 1225 ὑπῆρχον
259 1140 313 1206 καί
334 1145 389 1225 τῆς
408 1147 470 1239 ταῖν
493 1144 668 1228 Ἀρμενίων
689 1145 876 1229 συντάξεως,
898 1144 981 1213 εδθό
998 1150 1053 1231 τῆς
1076 1143 1196 1223 πόλεως

99 1236 258 1357 όρμησον.
302 1250 355 1309 καί
377 1247 503 1328 ἐπείπερ
527 1239 621 1330 εόρον
653 1248 755 1332 ου’την
787 1250 827 1313 ου’
847 1247 930 1314 πόνυ
952 1244 1006 1313 διό
1027 1251 1090 1315 τοῖν
1112 1245 1198 1322 ἐντός

63 1335 349 1429 1οόντιμαχομένην
386 1343 548 1432 (ἔφθησαν
578 1346 636 1431 γὰρ
671 1345 701 1412 οἱ
733 1350 915 1435 Σαρακηνοί
946 1349 988 1435 τῷ
1018 1345 1109 1437 φόβην
1141 1350 1197 1429 τῆς

98 1449 261 1528 βασιλικῆς
281 1448 451 1531 ἐπιδημίας
473 1452 650 1534 φυγαδείαν
669 1445 800 1515 ἑλέσθαι
821 1451 920 1534 πέραν
940 1453 997 1515 τοῦ
1018 1449 1195 1535 Εὐφράτου

98 1551 278 1635 ποταμοῦ),
314 1546 396 1631 ταχό
431 1548 621 1631 βιασόμενοι
643 1550 698 1627 τὰς
727 1550 829 1626 πόλας
857 1548 944 1628 ἐντός
973 1540 1197 1635 εἰσεπήδησανζ

98 1646 150 1711 καί
168 1642 278 1713 σιτίων
306 1651 365 1730 μέν
387 1654 443 1714 κατ’
473 1654 527 1733 τῆς
549 1645 645 1737 ἄλλης
674 1655 850 1739 διατροφῆς
877 1655 922 1727 είς
944 1651 1038 1737 κόρον
1058 1672 1198 1733 μετακο-

96 1747 189 1834 μιδην
218 1748 409 1835 ἐποιήσαντο
438 1754 616 1836 (α’φθονιάν
643 1756 704 1839 γὰρ
742 1749 863 1819 τούτων
893 1743 988 1837 εὗρον
1023 1756 1123 1818 ἐκεῖσε
1146 1747 1201 1815 καί
1262 1820 1270 1827 ,

64 1862 89 1914 15
98 1847 179 1915 οἴνου
201 1877 231 1917 τι
251 1854 425 1935 μέροςκαὶ
444 1858 507 1919 τῶν
533 1852 767 1921 εὐτελεστάτων
790 1856 897 1940 εἰδῶν)
910 1904 919 1936 ,
943 1856 1005 1919 τεόν
1026 1853 1061 1917 δέ
1084 1876 1197 1935 τιμιω-

96 1955 192 2037 τέρων
222 1952 380 2040 λαφύρων
403 1956 581 2038 α’πέτυχον,
611 1956 831 2040 προλαβόντων
859 1958 922 2019 τῶν
951 1956 1110 2037 πολεμίων
1141 1956 1195 2018 καί

97 2060 382 2137 συσκευοσοιμένων
406 2056 487 2121 αίτό
508 2063 583 2138 μεθ’
602 2053 724 2121 ἑαυτῶν
748 2060 781 2121 έν
803 2060 847 2143 τῷ
865 2056 1055 2142 α’πσδροῖναι.

193 2160 266 2221 Καί
293 2163 394 2223 ταῦτα
429 2162 488 2239 μὲν
516 2161 570 2223 ε’πί
599 2161 653 2242 τῆς
681 2157 921 2241 μεγαλοπόλεως
954 2157 1095 2241 ἐκείνης,
1128 2150 1196 2241 ἥτις

98 2259 241 2349 α’μαχητί
266 2264 462 2344 κρατηθεῖσα
495 2259 613 2344 πολλὴν
650 2257 825 2344 εόμόρειαν
857 2262 974 2325 δέδωκε
1003 2268 1068 2335 τοῖς
1099 2284 1199 2343 στρα-

60 2360 221 2437 auctorare
264 2359 342 2447 πρός
380 2360 437 2446 την
469 2366 570 2428 ἐκεῖσε
608 2362 788 2446 διαγωγήν,
821 2360 902 2446 πλην
947 2364 1040 2428 τινοῖν
1068 2359 1196 2444 πόργων

96 2455 323 2552 Ιόφηλοτότων,
355 2466 450 2548 τριῶν
483 2464 501 2548 ἦ
529 2459 705 2548 τεσσάρων,
734 2461 812 2528 ἔνθα
844 2466 1024 2547 Σαρακηνοί
1046 2459 1195 2555 οἶνιόντες,

96 2563 147 2627 καί
167 2561 223 2647 τόν
257 2556 368 2629 ἄνοδον
398 2560 439 2639 ὥς
470 2564 674 2650 στενόπορον,
695 2565 926 2652 κατασχόντες,
955 2565 1196 2651 ἐφιλονείκησαν

163 2731 189 2786 7.
212 2733 277 2790 ὅσοι
294 2736 444 2803 interpres.
464 2735 494 2790 G.
519 2735 597 2792 ὅσαι.
639 2746 646 2755 ’

95 2890 195 2944 Arabes
215 2899 305 2944 autem
317 2909 375 2945 cum
388 2893 479 2946 turcis
495 2894 582 2958 etiam,
602 2894 691 2962 quiiis
711 2895 829 2959 aderant,
847 2908 901 2946 non
918 2894 1020 2962 paucis,
1036 2881 1152 2978 quibus
1144 2907 1196 2944 rm.
1218 2899 1220 2902 ’

96 2961 204 3030 perabat
223 2966 266 3016 vir
284 2971 406 3018 strenuus
427 2973 453 3016 et
472 2980 556 3033 genus
575 2966 675 3017 iactans
697 2967 801 3034 regium
821 2965 956 3018 el'erside
973 2965 1081 3017 nomine
1100 2966 1196 3018 Amer-

95 3035 174 3100 tiles,
195 3052 229 3087 ex
239 3035 386 3105 longinquo
401 3045 544 3105 sequentes
565 3045 592 3087 et
603 3038 678 3104 quasi
697 3037 829 3097 satellites
839 3053 868 3091 se
884 3045 1010 3105 gerentes
1028 3044 1074 3088 ant
1092 3038 1196 3088 iactan-

96 3107 146 3157 tiae
165 3123 248 3159 causa
268 3107 366 3159 circum
391 3117 538 3160 currentes.
560 3109 631 3159 eirca
651 3124 793 3174 vesperum
814 3117 901 3160 autem
921 3117 1007 3159 castra
1027 3124 1130 3176 ponens
1149 3123 1198 3158 rex

97 3187 154 3229 ante
171 3179 331 3245 Hierapolin
350 3179 442 3231 urbem
463 3181 560 3231 fossam
579 3180 616 3230 ibi
636 3188 662 3231 et
681 3179 780 3231 vallum
806 3195 839 3230 ex
858 3180 1052 3246 consuetudine
1072 3180 1137 3232 fixit.
1160 3180 1197 3232 ita

98 3258 183 3301 autem
202 3252 391 3318 impedimenta
405 3252 499 3304 Graeci
519 3252 624 3302 fortiter
643 3252 670 3302 in
690 3250 1001 3317 tentoriisdeponentes,
1021 3265 1109 3318 neque
1129 3265 1195 3303 vero

97 3332 237 3374 versantes
262 3323 288 3373 in
309 3323 350 3374 his
371 3325 522 3391 quicunque
551 3321 686 3375 laboribus
706 3321 871 3389 imperabant
899 3329 925 3372 et
945 3321 1030 3372 ordini
1049 3323 1194 3374 Armenio.

95 3407 158 3459 rum,
179 3395 308 3446 adversus
329 3395 420 3447 urbem
439 3394 554 3461 proiecti
579 3403 657 3447 sunt.
679 3404 705 3446 et
724 3393 937 3462 quandoquidem
957 3394 1119 3444 invenerunt
1139 3409 1196 3444 eam

94 3480 145 3517 non
172 3467 281 3517 omnino
308 3482 357 3533 per
377 3482 423 3518 eos
449 3467 493 3534 qui
513 3466 584 3518 intus
605 3475 680 3518 erant
699 3467 834 3517 defensam
867 3468 960 3535 (autea
980 3465 1049 3515 enim
1069 3464 1196 3517 Saraceni

95 3545 163 3590 metu
185 3539 318 3590 adventus
337 3540 409 3608 regis
429 3539 518 3607 lugam
538 3546 667 3605 ceperant
689 3547 760 3590 trans
780 3536 941 3603 Euphratem
961 3535 1096 3604 fluvium),
1117 3531 1195 3588 cele-

96 3611 158 3661 riter
177 3620 269 3678 portas
289 3611 445 3679 frangentes
464 3613 534 3662 intus
553 3611 722 3662 insilierunt:
742 3617 822 3677 atque
842 3609 967 3660 frumenti
988 3616 1014 3659 et
1033 3607 1131 3675 reliqui
1151 3608 1196 3660 vi-

95 3691 149 3736 ctus
168 3684 202 3736 ad
221 3683 371 3736 satietatem
391 3691 564 3734 commeatum
584 3683 645 3734 inde
666 3682 797 3733 lecerunt.
827 3682 929 3748 copiam
947 3681 1016 3732 enim
1030 3680 1129 3730 horum
1148 3695 1195 3730 rc-

95 3765 221 3832 poterunt
239 3754 276 3805 ibi
306 3763 333 3805 et
359 3756 414 3807 vini
442 3763 543 3822 partem
563 3763 590 3805 et
609 3754 799 3806 vilissimorum
819 3768 967 3836 generum,
984 3751 1082 3818 praeda
1109 3759 1197 3802 autem

95 3811 176 3894 nra⁰gis
202 3827 341 3880 aestimata
368 3828 538 3891 exciderunt,
566 3842 624 3878 oum
644 3826 735 3878 hostes
757 3841 814 3875 eam
832 3825 1045 3891 praeripuissent
1065 3831 1091 3874 et
1108 3837 1197 3877 secum

96 3907 247 3961 portassent
267 3899 435 3967 effugientes

191 3988 281 4056 Atque
316 3988 384 4038 baec
417 3988 523 4056 quidem
556 3988 583 4037 in
616 3985 664 4036 illa
700 3983 782 4048 urbe,
814 3999 882 4051 quae
914 3985 972 4034 sine
1003 3998 1093 4051 pugna
1126 3984 1198 4035 victa

94 4059 201 4110 multam
227 4059 383 4111 facilitatem
411 4058 533 4126 praebuit
559 4056 687 4108 militibus
714 4056 746 4106 ad
771 4057 871 4107 vietum
897 4056 923 4106 in
945 4069 977 4104 ea
995 4063 1087 4121 terra,
1115 4071 1199 4106 exce.

95 4131 145 4194 ptis
169 4130 309 4184 nonnullis
337 4132 454 4184 turribus
474 4130 637 4193 altissimis,‘
654 4127 737 4180 tribus
769 4136 814 4178 aut
839 4134 980 4194 quattuor,
1008 4127 1052 4178 ubi
1072 4127 1197 4181 Saraceni

96 4203 270 4280 ”pendentes
291 4212 317 4257 et
331 4205 383 4257 iter
393 4213 421 4256 ut
432 4212 572 4272 angustum
589 4208 751 4269 occupantes
764 4206 948 4252 certarunttex
958 4202 1044 4269 patrio
1063 4215 1112 4254 suo
1124 4213 1197 4252 more
