2967 4825
229 220 302 316 tto
509 219 727 299 utcontra
762 216 1023 302 irrationale
1064 240 1066 247 ·

226 396 406 489 φαντασίαν
428 396 471 462 δέ
492 366 597 483 φυγῆς
630 388 814 459 δεδωκότων
838 394 901 456 ταῖν
930 392 1091 475 ἐναντίων,
1112 383 1163 459 οἶα
1186 388 1226 457 τύ
1248 413 1331 455 του-

226 496 290 563 των
320 495 537 583 μηχανήματα
573 500 627 560 καί
644 490 855 578 συνθήματα,
885 496 954 559 ἐπεὶ
985 494 1268 569 διασκεδασθέντες
1294 489 1328 557 οἱ

222 600 379 678 Ῥωμαῖοι
410 600 565 681 ἐδίωκον,
596 594 800 681 ύποοτροφῆς
828 595 991 682 αἰφνιδίου
1028 592 1129 672 addin
1160 596 1328 679 γενομένης

225 700 349 767 ἐκείνων
370 698 577 787 παλίντροπος
602 699 621 783 ἦ
645 695 811 782 συμπλοκή
834 701 958 789 γέγονε,
985 701 1041 762 καί
1056 700 1170 763 πολλοί
1190 700 1249 778 μὲν
1269 689 1329 760 ἐύ-

224 800 484 878 amoneretur
504 804 540 865 δὲ
560 803 724 885 μαχαίρας
746 796 837 881 ἔργον
860 798 1016 884 γεγόνασι,
1038 796 1180 864 συνεάλω
1204 798 1241 861 δέ
1260 801 1357 871 τυῖςῦ

226 894 333 977 ύλλοις
357 904 412 967 καί
432 900 526 977 αύτδς
548 900 566 965 δ
588 904 647 964 τού
667 902 806 982 πολέμου
827 898 881 983 τὴν
896 900 1088 982 στρατηγίαν
1108 899 1242 979 ἐπέχων.
1266 892 1336 959 σύν

195 1041 196 1046 ¹
225 1010 292 1078 τοῖς
313 994 418 1079 ἄλλοις
454 1006 490 1069 δὲ
520 1006 576 1067 καί
608 1003 706 1086 αὐτῆς
736 1002 791 1084 τῆς
819 1003 1021 1084 παρεμβολῆς
1047 996 1247 1081 παράστασις
1273 994 1328 1061 καί

152 1111 162 1135 “
226 1103 447 1179 διασκύλευσις
472 1108 605 1188 γίγονον.
659 1101 714 1168 καί
745 1104 775 1167 εἰ
802 1099 847 1186 μὴ
871 1098 906 1164 τύ
942 1092 1022 1164 ἐστο
1044 1101 1176 1183 πλησίον
1200 1091 1236 1163 δν
1255 1094 1327 1173 τούς

225 1207 392 1279 πλείστους
412 1207 562 1286 διέσωσε,
589 1206 790 1289 πανστρατιᾷ
820 1196 1036 1269 ἐκινδύνευσεν
1069 1193 1107 1263 ἐν
1130 1196 1150 1283 ἦ
1170 1202 1232 1264 τοδν
1249 1198 1327 1267 Ῥω»

224 1308 330 1387 μαίων
352 1306 461 1390 ἡλικία
482 1310 590 1388 πᾶσα,
613 1301 671 1390 ὅση
693 1302 773 1389 πρύς
800 1303 857 1389 την
877 1304 1247 1386 ἐνταῦθαέκστρατείαν
1266 1324 1328 1365 σο-
1340 1309 1374 1365 10

226 1408 372 1492 νέδρσμε.
973 1490 974 1493 ¹

331 1512 394 1594 Τῆς
416 1512 526 1598 φήμης
550 1513 585 1575 δέ
605 1507 726 1594 ταύτης
748 1505 988 1591 καταλαβούσης
1008 1505 1062 1573 τδν
1082 1506 1227 1587 βασιλέα,
1249 1508 1329 1567 πολ-

150 1598 152 1607 ι
228 1605 266 1693 λη
289 1633 337 1684 τις
358 1612 432 1675 α’νία
455 1613 590 1694 κατέσχε
622 1609 675 1674 καί
696 1606 795 1675 σύτύν
828 1613 883 1673 καί
906 1600 974 1672 ὅσοι
1003 1602 1042 1671 τύ
1059 1604 1224 1686 Ῥωμαίων
1247 1628 1329 1692 φρο-

228 1713 353 1786 νούντες
373 1708 553 1796 ἐτύγχανον.
605 1703 694 1777 ούπω
716 1712 751 1776 δὲ
774 1708 814 1776 τοὶ
837 1712 892 1793 τῆς
913 1707 1025 1795 φήμης
1054 1707 1252 1792 παρήκμασε,
1276 1708 1330 1772 καί

227 1804 326 1888 αύδις
348 1808 443 1897 ἐτέρα
464 1816 620 1897 ζέπῆλθε,
643 1812 717 1888 τούς
743 1807 904 1896 Τούρκους
932 1812 1173 1894 ἐπαγγέλλουσα
1206 1807 1265 1892 τὴν
1296 1809 1328 1871 ἐν
1340 1814 1374 1867 15

228 1912 359 1990 Χούναις
381 1913 543 1998 πολιτείαν
563 1918 619 1981 καί
639 1913 738 1980 αύτδν
759 1911 813 1980 τὸν
841 1908 1028 1997 περιβόητον
1052 1914 1084 1975 ἐν
1104 1908 1254 1989 θαύμασι
1275 1906 1330 1971 καί

228 2014 415 2099 α’ναθημασι
447 2017 503 2079 τού
528 2016 784 2101 ἀρχιστρατήγου
811 2012 887 2087 ναὸν
906 2018 1093 2094 καταλαβεῖν
1115 2014 1150 2075 ἐν
1173 2014 1329 2097 μαχαίρᾳ,

227 2115 282 2181 καί
302 2114 400 2202 φόνου
422 2122 482 2197 μὲν
504 2110 629 2202 ἅπαντα
651 2114 689 2181 τύ
713 2114 813 2181 ἐκεῖσε
835 2117 1001 2201 πληρῶσαι
1021 2116 1077 2179 καί
1097 2107 1228 2196 λύθρου,
1251 2116 1330 2175 πολ-

228 2216 286 2297 λοὶς
308 2219 344 2283 δέ
367 2212 476 2303 ύβρεις
498 2223 542 2309 τῷ
563 2217 638 2306 ἱερῷ
659 2221 950 2307 ἐμπαροινηδῆναι,
977 2219 1031 2284 καί
1050 2218 1085 2283 τύ
1108 2214 1148 2300 δὴ
1172 2216 1330 2300 σχετλιω-
1386 2210 1389 2215 ’

228 2340 337 2406 τερον,
357 2317 401 2404 μη
425 2317 480 2397 τύς
509 2326 564 2386 τοῦ
587 2318 750 2405 χάσματος
772 2321 948 2405 σήραγγας,
978 2317 1010 2385 ἐν
1034 2309 1116 2407 ᾧπερ
1147 2314 1178 2383 οἱ
1200 2330 1374 2401 aeeon-oo

228 2424 352 2506 ρέοντες
380 2414 520 2505 ποταμοί
538 2420 646 2505 Ιἐκεῖσε
665 2415 881 2506 χωνευόμενοι
913 2422 966 2488 διοὶ
989 2425 1044 2506 τῆς
1063 2423 1120 2486 τού
1141 2421 1328 2508 ἐρχηρτρα-

228 2519 326 2607 τὴγου
363 2529 503 2600 παλαιᾶς
533 2524 703 2608 ἐπιδημίας
734 2522 790 2588 καί
817 2528 993 2609 δεοσημίας
1028 2521 1071 2599 τδς
1105 2521 1157 2588 διὰ
1189 2525 1328 2607 πρανοῦς
1413 2581 1427 2610 ‚

230 2625 390 2690 α’στατούν
408 2623 444 2689 τύ
476 2625 579 2711 ῥεῦμα
607 2624 662 2690 κατ’
682 2629 753 2691 λίαν
774 2623 952 2709 εύδρομούν
970 2621 1100 2710 ἐχονσι,
1131 2622 1207 2700 τούς
1224 2647 1330 2689 ,κατα-

453 2847 461 2879 i

229 2936 334 2995 pugnat
352 2924 470 2992 apeoiem
487 2929 575 2978 autem
592 2925 674 2996 ingue
692 2941 752 2978 oum
771 2924 941 2980 simulassent
958 2925 1066 2991 hortea,
1086 2923 1176 2994 quulia
1194 2933 1256 2979 sunt
1273 2925 1328 2977 ho.
1369 2988 1374 2993 .

228 3013 287 3050 rum
305 2996 417 3049 artificia
436 3005 464 3048 et
480 3006 567 3066 pacta,
586 3007 725 3067 postquam
752 3000 838 3066 aperui
857 2998 951 3052 Graeci
979 2998 1092 3058 insecuti
1112 3006 1182 3061 aunt,
1203 2997 1328 3050 declina-

229 3069 304 3121 tione
321 3069 567 3136 repentiua‘atntim
585 3071 656 3123 iacta
673 3071 791 3146 iliorum,
811 3085 901 3124 ruraua
921 3083 1081 3138 congressus
1099 3071 1264 3122 exercituum
1284 3070 1296 3121 f
1312 3106 1328 3117 .
1410 3093 1416 3100 ν

230 3149 287 3194 etur
307 3149 356 3206 eat,
377 3149 403 3193 et
420 3141 495 3194 multi
521 3143 627 3210 quidem
646 3145 716 3210 capti
735 3152 806 3209 sunt,
828 3143 918 3210 plures
943 3137 1029 3194 autem
1054 3140 1137 3212 gladii
1157 3157 1223 3208 opus
1244 3141 1328 3194 facti:

229 3213 404 3265 curnneteria
429 3223 516 3266 autem
535 3225 627 3282 eaptus
652 3223 693 3266 eat
722 3217 826 3283 etipse
852 3217 897 3283 qui
923 3213 988 3265 belli
1008 3215 1119 3281 irnperio
1141 3220 1280 3280 praeerat:
1302 3221 1331 3264 et

230 3293 336 3353 praeter
354 3293 444 3337 cetera
464 3288 541 3337 etiarn
567 3289 683 3354 ipsorum
707 3295 853 3339 castrorum
880 3287 1041 3354 expugnatio
1071 3294 1096 3337 et
1124 3285 1238 3352 direptio
1258 3285 1329 3336 faeta

231 3365 285 3409 eat:
305 3366 384 3426 atque
409 3358 460 3409 οἱοὶ
494 3359 556 3411 urba
584 3375 667 3426 prope
685 3360 736 3412 sita
760 3359 888 3426 plurimos
914 3364 1064 3422 servasset,
1091 3357 1124 3408 ad
1142 3373 1223 3408 unum
1242 3359 1330 3410 omnia

229 3429 378 3497 perieulum
401 3429 507 3482 subibat
526 3430 687 3484 Graecorum
715 3433 842 3482 iuventus
868 3444 1043 3498 quaecunque
1069 3430 1101 3481 ad
1129 3429 1197 3480 hano
1215 3429 1331 3496 expedi.

230 3502 327 3554 tionem
347 3510 520 3553 conuenerat.
703 3516 707 3523 ·

330 3598 405 3662 Quae
424 3598 529 3666 quidem
550 3596 617 3649 fama
635 3615 693 3649 cum
713 3598 848 3650 obtineret
865 3615 966 3668 regern,
985 3598 1067 3650 multa
1086 3599 1224 3669 aegritudo
1244 3613 1330 3650 occu.

230 3670 430 3738 paviteteum
450 3671 646 3737 etquicunque
672 3686 688 3720 a
709 3671 868 3726 Graecorum
887 3680 962 3738 parte
988 3671 1099 3723 stabant.
1143 3671 1258 3722 noudum
1278 3685 1330 3720 au.

231 3746 294 3793 tem·
305 3740 373 3790 fama
393 3738 555 3804 effloruerat,
576 3748 602 3791 et
620 3757 710 3794 ruraua
728 3742 782 3793 alia
798 3743 908 3795 obvenit
926 3743 1022 3794 Turcaa
1041 3744 1163 3794 nuntians
1178 3742 1331 3794 Chonarurn

232 3812 366 3864 civitatem
388 3819 417 3862 et
433 3811 519 3876 ipsum
538 3812 686 3878 perclarum
706 3813 739 3864 oh
758 3814 885 3866 miracula
905 3822 932 3865 et
950 3815 1018 3865 dona
1043 3816 1134 3865 summi
1161 3815 1331 3880 imperatoris

231 3881 358 3948 templum
378 3882 468 3950 gladio
490 3885 604 3950 cepisse,
624 3893 649 3936 et
673 3885 753 3937 oaede
780 3887 866 3937 omnia
886 3886 923 3937 ibi
941 3885 1097 3952 implevisse
1117 3893 1144 3936 et
1162 3887 1331 3936 contamina.
1362 3911 1373 3919 -

230 3955 315 4016 tione,
333 3954 440 4005 multam
458 3962 545 4006 autem
566 3956 715 4022 superbiam
730 3957 830 4024 templo
851 3957 974 4009 intulisse
996 3966 1022 4008 et
1040 3958 1066 4008 id
1085 3958 1155 4026 quod
1173 3958 1258 4025 magia
1276 3959 1330 4008 im.

230 4027 302 4094 pium
321 4033 361 4076 est
379 4041 432 4091 nop
453 4027 651 4093 redierimus,
673 4029 771 4098 inqua
792 4028 1012 4097 praeterfluentes
1032 4028 1106 4080 duvii
1126 4030 1161 4081 ibi
1183 4029 1259 4082 effusi
1281 4045 1332 4095 per

227 4097 325 4151 'nummi
344 4097 510 4164 imperatoria
528 4102 665 4170 antiquum
683 4102 866 4155 deversorium
893 4108 919 4152 et
938 4101 1114 4168 praesentiam
1133 4108 1162 4151 ut
1180 4115 1228 4168 per
1247 4115 1332 4167 prae.

232 4182 296 4239 cepe
316 4167 446 4225 turbidam
464 4186 557 4240 aquarn
578 4179 605 4225 et
622 4172 700 4232 redde
725 4181 876 4227 currentem
894 4172 1002 4242 habent,
1023 4173 1151 4242 fugitivos
1170 4172 1333 4232 observasse

788 4329 809 4372 Q
