<?xml version="1.0" encoding="UTF-8"?>
<!DOCTYPE html PUBLIC "-//W3C//DTD XHTML 1.0 Transitional//EN"
    "http://www.w3.org/TR/xhtml1/DTD/xhtml1-transitional.dtd">
<html xmlns="http://www.w3.org/1999/xhtml" xml:lang="en" lang="en">
 <head>
  <title>
</title>
<meta http-equiv="Content-Type" content="text/html;charset=utf-8" />
  <meta name='ocr-system' content='tesseract 3.04.00' />
  <meta name='ocr-capabilities' content='ocr_page ocr_carea ocr_par ocr_line ocrx_word'/>
</head>
<body>
  <div class='ocr_page' id='page_1' title='image "./corpusscriptoru41theogoog/corpusscriptoru41theogoog_0337.png"; bbox 0 0 2967 4825; ppageno 0'>
   <div class='ocr_carea' id='block_1_1' title="bbox 552 273 1207 352">
    <p class='ocr_par' dir='ltr' id='par_1_1' title="bbox 552 273 1207 352">
     <span class='ocr_line' id='line_1_1' title="bbox 552 273 1207 352; baseline -0.005 0"><span class='ocrx_word' id='word_1_1' title='bbox 552 281 763 352; x_wconf 73' lang='lat' dir='ltr'><strong>moronis.</strong></span> <span class='ocrx_word' id='word_1_2' title='bbox 888 321 891 329; x_wconf 71' lang='lat'><em>‹</em></span> <span class='ocrx_word' id='word_1_3' title='bbox 1134 273 1207 349; x_wconf 66' lang='lat' dir='ltr'><strong><em>bil</em></strong></span> 
     </span>
    </p>
   </div>
   <div class='ocr_carea' id='block_1_2' title="bbox 56 431 1341 2860">
    <p class='ocr_par' dir='ltr' id='par_1_2' title="bbox 56 431 1341 2860">
     <span class='ocr_line' id='line_1_2' title="bbox 107 431 1211 528; baseline 0 -22"><span class='ocrx_word' id='word_1_4' title='bbox 107 437 227 524; x_wconf 70' lang='grc' dir='ltr'><strong><em>ἔσομαι</em></strong></span> <span class='ocrx_word' id='word_1_5' title='bbox 246 447 312 517; x_wconf 72' lang='grc' dir='ltr'><strong><em>τοῖς</em></strong></span> <span class='ocrx_word' id='word_1_6' title='bbox 335 439 371 505; x_wconf 87' lang='grc' dir='ltr'><strong><em>τό</em></strong></span> <span class='ocrx_word' id='word_1_7' title='bbox 387 442 589 526; x_wconf 22' lang='grc' dir='ltr'><strong><em>,Ἀτλαντικόν</em></strong></span> <span class='ocrx_word' id='word_1_8' title='bbox 613 447 819 526; x_wconf 71' lang='grc' dir='ltr'><strong><em>βουλομένας</em></strong></span> <span class='ocrx_word' id='word_1_9' title='bbox 850 441 1082 528; x_wconf 66' lang='grc' dir='ltr'><strong><em>ἐπαράσασθαι</em></strong></span> <span class='ocrx_word' id='word_1_10' title='bbox 1112 431 1211 507; x_wconf 79' lang='grc' dir='ltr'><strong><em>πόλα-</em></strong></span> 
     </span>
     <span class='ocr_line' id='line_1_3' title="bbox 105 539 1213 626; baseline 0.001 -20"><span class='ocrx_word' id='word_1_11' title='bbox 105 565 174 624; x_wconf 86' lang='grc' dir='ltr'><strong><em>γος.</em></strong></span> <span class='ocrx_word' id='word_1_12' title='bbox 216 541 233 606; x_wconf 87' lang='grc' dir='ltr'><strong><em>ό</em></strong></span> <span class='ocrx_word' id='word_1_13' title='bbox 255 539 315 626; x_wconf 73' lang='grc' dir='ltr'><strong><em>γάρ</em></strong></span> <span class='ocrx_word' id='word_1_14' title='bbox 338 540 433 617; x_wconf 85' lang='grc' dir='ltr'><strong><em>αότός</em></strong></span> <span class='ocrx_word' id='word_1_15' title='bbox 450 543 601 623; x_wconf 82' lang='grc' dir='ltr'><strong><em>βασιλεός</em></strong></span> <span class='ocrx_word' id='word_1_16' title='bbox 622 542 677 608; x_wconf 85' lang='grc' dir='ltr'><strong><em>καί</em></strong></span> <span class='ocrx_word' id='word_1_17' title='bbox 692 541 865 626; x_wconf 78' lang='grc' dir='ltr'><em>τυράννους</em></span> <span class='ocrx_word' id='word_1_18' title='bbox 886 545 1142 626; x_wconf 72' lang='grc' dir='ltr'><strong><em>καταβληθέντες</em></strong></span> <span class='ocrx_word' id='word_1_19' title='bbox 1157 545 1213 607; x_wconf 84' lang='grc' dir='ltr'><strong><em>καί</em></strong></span> 
     </span>
     <span class='ocr_line' id='line_1_4' title="bbox 108 643 1213 732; baseline 0 -26"><span class='ocrx_word' id='word_1_20' title='bbox 108 643 326 725; x_wconf 70' lang='grc' dir='ltr'><strong><em>ὑποταγέντες</em></strong></span> <span class='ocrx_word' id='word_1_21' title='bbox 359 644 445 732; x_wconf 71' lang='grc' dir='ltr'><strong><em>αὐτῷ</em></strong></span> <span class='ocrx_word' id='word_1_22' title='bbox 467 646 507 707; x_wconf 86' lang='grc' dir='ltr'><strong><em>ου’</em></strong></span> <span class='ocrx_word' id='word_1_23' title='bbox 532 644 627 724; x_wconf 91' lang='grc' dir='ltr'><strong><em>μόνον</em></strong></span> <span class='ocrx_word' id='word_1_24' title='bbox 653 650 858 726; x_wconf 75' lang='grc' dir='ltr'><strong><em>συμπαθείας</em></strong></span> <span class='ocrx_word' id='word_1_25' title='bbox 883 650 937 710; x_wconf 84' lang='grc' dir='ltr'><strong><em>καί</em></strong></span> <span class='ocrx_word' id='word_1_26' title='bbox 968 643 1213 730; x_wconf 71' lang='grc' dir='ltr'><strong><em>φιλανθρωπίας</em></strong></span> 
     </span>
     <span class='ocr_line' id='line_1_5' title="bbox 111 735 1213 828; baseline 0 -22"><span class='ocrx_word' id='word_1_27' title='bbox 111 743 257 822; x_wconf 70' lang='grc' dir='ltr'><strong><em>η’ξίοοσεν,</em></strong></span> <span class='ocrx_word' id='word_1_28' title='bbox 280 735 361 806; x_wconf 66' lang='lat' dir='ltr'><strong>ultro</strong></span> <span class='ocrx_word' id='word_1_29' title='bbox 384 746 439 806; x_wconf 78' lang='grc' dir='ltr'><strong><em>κατ’</em></strong></span> <span class='ocrx_word' id='word_1_30' title='bbox 465 748 628 827; x_wconf 73' lang='grc' dir='ltr'><em>μεγίσταις</em></span> <span class='ocrx_word' id='word_1_31' title='bbox 649 745 847 826; x_wconf 69' lang='grc' dir='ltr'><strong><em>εὐεργεσίαις</em></strong></span> <span class='ocrx_word' id='word_1_32' title='bbox 870 737 1122 828; x_wconf 72' lang='grc' dir='ltr'><strong><em>ἐψυχαγώγησεν</em></strong></span> <span class='ocrx_word' id='word_1_33' title='bbox 1146 735 1213 806; x_wconf 75' lang='grc' dir='ltr'><strong><em>τόσ-</em></strong></span> 
     </span>
     <span class='ocr_line' id='line_1_6' title="bbox 83 836 1214 934; baseline 0 -28"><span class='ocrx_word' id='word_1_34' title='bbox 83 861 176 926; x_wconf 69' lang='grc' dir='ltr'><strong><em>σαερ</em></strong></span> <span class='ocrx_word' id='word_1_35' title='bbox 199 841 243 926; x_wconf 52' lang='grc' dir='ltr'><strong><em>δή,</em></strong></span> <span class='ocrx_word' id='word_1_36' title='bbox 263 843 317 909; x_wconf 89' lang='grc' dir='ltr'><strong><em>τόν</em></strong></span> <span class='ocrx_word' id='word_1_37' title='bbox 339 846 514 926; x_wconf 81' lang='grc' dir='ltr'><strong><em>Βρνόννιον</em></strong></span> <span class='ocrx_word' id='word_1_38' title='bbox 534 844 590 910; x_wconf 81' lang='grc' dir='ltr'><strong><em>καί</em></strong></span> <span class='ocrx_word' id='word_1_39' title='bbox 609 844 684 917; x_wconf 82' lang='grc' dir='ltr'><strong><em>τοός</em></strong></span> <span class='ocrx_word' id='word_1_40' title='bbox 713 843 812 934; x_wconf 75' lang='grc' dir='ltr'><strong><em>τούτῳ</em></strong></span> <span class='ocrx_word' id='word_1_41' title='bbox 846 839 1026 930; x_wconf 75' lang='grc' dir='ltr'><strong><em>ὁμόφρονας</em></strong></span> <span class='ocrx_word' id='word_1_42' title='bbox 1056 836 1214 927; x_wconf 74' lang='grc' dir='ltr'><strong><em>λαμπροίς</em></strong></span> 
     </span>
     <span class='ocr_line' id='line_1_7' title="bbox 112 937 1214 1029; baseline 0.004 -23"><span class='ocrx_word' id='word_1_43' title='bbox 112 937 276 1024; x_wconf 78' lang='grc' dir='ltr'><strong><em>ἇξιοόμασι</em></strong></span> <span class='ocrx_word' id='word_1_44' title='bbox 297 944 569 1029; x_wconf 85' lang='grc' dir='ltr'><strong><em>τελισιουργήσας,</em></strong></span> <span class='ocrx_word' id='word_1_45' title='bbox 591 947 646 1012; x_wconf 86' lang='grc' dir='ltr'><strong><em>καί</em></strong></span> <span class='ocrx_word' id='word_1_46' title='bbox 666 945 724 1022; x_wconf 83' lang='grc' dir='ltr'><strong><em>τός</em></strong></span> <span class='ocrx_word' id='word_1_47' title='bbox 747 948 832 1022; x_wconf 84' lang='grc' dir='ltr'><strong><em>ἰδίας</em></strong></span> <span class='ocrx_word' id='word_1_48' title='bbox 851 947 964 1021; x_wconf 86' lang='grc' dir='ltr'><strong><em>οόσίας</em></strong></span> <span class='ocrx_word' id='word_1_49' title='bbox 986 947 1084 1021; x_wconf 86' lang='grc' dir='ltr'><strong><em>ε’όσας</em></strong></span> <span class='ocrx_word' id='word_1_50' title='bbox 1107 945 1214 1028; x_wconf 80' lang='grc' dir='ltr'><strong><em>αι’τοῑς</em></strong></span> 
     </span>
     <span class='ocr_line' id='line_1_8' title="bbox 112 1042 1213 1133; baseline 0 -23"><span class='ocrx_word' id='word_1_51' title='bbox 112 1043 383 1128; x_wconf 72' lang='grc' dir='ltr'><strong><em>ἀνεπιχειρήτους,</em></strong></span> <span class='ocrx_word' id='word_1_52' title='bbox 406 1047 460 1110; x_wconf 84' lang='grc' dir='ltr'><strong><em>καί</em></strong></span> <span class='ocrx_word' id='word_1_53' title='bbox 478 1048 663 1132; x_wconf 70' lang='grc' dir='ltr'><strong><em>προσθήκας</em></strong></span> <span class='ocrx_word' id='word_1_54' title='bbox 685 1047 737 1113; x_wconf 81' lang='grc' dir='ltr'><strong><em>διό</em></strong></span> <span class='ocrx_word' id='word_1_55' title='bbox 761 1051 934 1129; x_wconf 75' lang='grc' dir='ltr'><strong><em>βασιλικῶν</em></strong></span> <span class='ocrx_word' id='word_1_56' title='bbox 954 1049 1080 1128; x_wconf 81' lang='grc' dir='ltr'><strong><em>δυρεοῖν</em></strong></span> <span class='ocrx_word' id='word_1_57' title='bbox 1105 1042 1213 1133; x_wconf 78' lang='grc' dir='ltr'><strong><em>α’φθό-</em></strong></span> 
     </span>
     <span class='ocr_line' id='line_1_9' title="bbox 110 1144 1214 1233; baseline 0.005 -27"><span class='ocrx_word' id='word_1_58' title='bbox 110 1166 189 1219; x_wconf 89' lang='grc' dir='ltr'><strong><em>νονς</em></strong></span> <span class='ocrx_word' id='word_1_59' title='bbox 209 1144 319 1221; x_wconf 80' lang='grc' dir='ltr'><strong><em>αότοίς</em></strong></span> <span class='ocrx_word' id='word_1_60' title='bbox 337 1148 630 1231; x_wconf 78' lang='grc' dir='ltr'><strong><em>περιποιησάμενος,</em></strong></span> <span class='ocrx_word' id='word_1_61' title='bbox 650 1151 705 1212; x_wconf 79' lang='grc' dir='ltr'><strong><em>κατ’</em></strong></span> <span class='ocrx_word' id='word_1_62' title='bbox 725 1149 853 1214; x_wconf 81' lang='grc' dir='ltr'><strong><em>πόντων</em></strong></span> <span class='ocrx_word' id='word_1_63' title='bbox 874 1151 1090 1214; x_wconf 60' lang='lat' dir='ltr'><strong>&amp;astarthem</strong></span> <span class='ocrx_word' id='word_1_64' title='bbox 1110 1173 1214 1233; x_wconf 79' lang='grc' dir='ltr'><strong><em>παρα-</em></strong></span> 
     </span>
     <span class='ocr_line' id='line_1_10' title="bbox 111 1245 1341 1333; baseline 0.004 -23"><span class='ocrx_word' id='word_1_65' title='bbox 111 1246 274 1320; x_wconf 76' lang='grc' dir='ltr'><strong><em>σκευάσας</em></strong></span> <span class='ocrx_word' id='word_1_66' title='bbox 294 1248 356 1314; x_wconf 76' lang='grc' dir='ltr'><strong><em>τιόν</em></strong></span> <span class='ocrx_word' id='word_1_67' title='bbox 376 1251 550 1333; x_wconf 76' lang='grc' dir='ltr'><strong><em>λυπηριῖν,</em></strong></span> <span class='ocrx_word' id='word_1_68' title='bbox 580 1245 655 1333; x_wconf 86' lang='grc' dir='ltr'><strong><em>όπερ</em></strong></span> <span class='ocrx_word' id='word_1_69' title='bbox 686 1251 792 1325; x_wconf 85' lang='grc' dir='ltr'><strong><em>ον’δείς</em></strong></span> <span class='ocrx_word' id='word_1_70' title='bbox 818 1256 879 1314; x_wconf 89' lang='grc' dir='ltr'><strong><em>τιόν</em></strong></span> <span class='ocrx_word' id='word_1_71' title='bbox 903 1251 1030 1316; x_wconf 85' lang='grc' dir='ltr'><strong><em>ποόπετε</em></strong></span> <span class='ocrx_word' id='word_1_72' title='bbox 1057 1256 1243 1332; x_wconf 78' lang='grc' dir='ltr'><strong><em>βασιλδανῐ.</em></strong></span> <span class='ocrx_word' id='word_1_73' title='bbox 1256 1259 1309 1320; x_wconf 79' lang='lat'><strong><em>239</em></strong></span> <span class='ocrx_word' id='word_1_74' title='bbox 1318 1276 1341 1315; x_wconf 88' lang='lat' dir='ltr'><strong>r.</strong></span> 
     </span>
     <span class='ocr_line' id='line_1_11' title="bbox 69 1345 1213 1436; baseline 0.003 -28"><span class='ocrx_word' id='word_1_75' title='bbox 69 1368 103 1422; x_wconf 68' lang='grc' dir='ltr'><strong><em>ης)</em></strong></span> <span class='ocrx_word' id='word_1_76' title='bbox 112 1345 249 1428; x_wconf 81' lang='grc' dir='ltr'><strong><em>ποιήσας</em></strong></span> <span class='ocrx_word' id='word_1_77' title='bbox 275 1348 450 1432; x_wconf 81' lang='grc' dir='ltr'><strong><em>εόρίσκετο,</em></strong></span> <span class='ocrx_word' id='word_1_78' title='bbox 462 1350 517 1415; x_wconf 81' lang='grc' dir='ltr'><strong><em>καί</em></strong></span> <span class='ocrx_word' id='word_1_79' title='bbox 536 1352 704 1431; x_wconf 86' lang='grc' dir='ltr'><strong><em>πολεμίους</em></strong></span> <span class='ocrx_word' id='word_1_80' title='bbox 718 1351 959 1436; x_wconf 83' lang='grc' dir='ltr'><strong><em>προσφυγόντας</em></strong></span> <span class='ocrx_word' id='word_1_81' title='bbox 980 1352 1119 1434; x_wconf 82' lang='grc' dir='ltr'><strong><em>εόμενοός</em></strong></span> <span class='ocrx_word' id='word_1_82' title='bbox 1135 1375 1213 1436; x_wconf 91' lang='grc' dir='ltr'><strong><em>προ.</em></strong></span> 
     </span>
     <span class='ocr_line' id='line_1_12' title="bbox 111 1444 1214 1540; baseline 0.007 -30"><span class='ocrx_word' id='word_1_83' title='bbox 111 1449 277 1529; x_wconf 77' lang='grc' dir='ltr'><strong><em>σεδίξατο,</em></strong></span> <span class='ocrx_word' id='word_1_84' title='bbox 300 1454 357 1513; x_wconf 84' lang='grc' dir='ltr'><strong><em>καί</em></strong></span> <span class='ocrx_word' id='word_1_85' title='bbox 374 1444 486 1540; x_wconf 77' lang='grc' dir='ltr'><strong><em>χρόραν</em></strong></span> <span class='ocrx_word' id='word_1_86' title='bbox 505 1453 779 1536; x_wconf 81' lang='grc' dir='ltr'><strong><em>αότοῖςδημοσίαν</em></strong></span> <span class='ocrx_word' id='word_1_87' title='bbox 800 1453 951 1533; x_wconf 78' lang='grc' dir='ltr'><strong><em>α’πίνειμε</em></strong></span> <span class='ocrx_word' id='word_1_88' title='bbox 973 1456 1028 1516; x_wconf 86' lang='grc' dir='ltr'><strong><em>καί</em></strong></span> <span class='ocrx_word' id='word_1_89' title='bbox 1047 1455 1214 1538; x_wconf 87' lang='grc' dir='ltr'><strong><em>φιλοτίμου</em></strong></span> 
     </span>
     <span class='ocr_line' id='line_1_13' title="bbox 56 1550 536 1632; baseline 0.015 -19"><span class='ocrx_word' id='word_1_90' title='bbox 56 1557 63 1566; x_wconf 81' lang='lat'>&#39;</span> <span class='ocrx_word' id='word_1_91' title='bbox 112 1550 287 1632; x_wconf 74' lang='grc' dir='ltr'><strong><em>διατριβῆς</em></strong></span> <span class='ocrx_word' id='word_1_92' title='bbox 307 1553 536 1632; x_wconf 81' lang='grc' dir='ltr'><strong><em>μεταδίδωκεν.</em></strong></span> 
     </span>
     <span class='ocr_line' id='line_1_14' title="bbox 217 1646 1215 1737; baseline 0.006 -23"><span class='ocrx_word' id='word_1_93' title='bbox 217 1648 450 1734; x_wconf 80' lang='grc' dir='ltr'><strong><em>Ετίσεβόστατος</em></strong></span> <span class='ocrx_word' id='word_1_94' title='bbox 472 1655 509 1717; x_wconf 76' lang='grc' dir='ltr'><strong><em>δὲ</em></strong></span> <span class='ocrx_word' id='word_1_95' title='bbox 532 1646 576 1717; x_wconf 83' lang='grc' dir='ltr'><strong><em>α’όν</em></strong></span> <span class='ocrx_word' id='word_1_96' title='bbox 600 1656 638 1719; x_wconf 82' lang='grc' dir='ltr'><strong><em>τό</em></strong></span> <span class='ocrx_word' id='word_1_97' title='bbox 661 1653 739 1736; x_wconf 89' lang='grc' dir='ltr'><strong><em>πρός</em></strong></span> <span class='ocrx_word' id='word_1_98' title='bbox 762 1652 839 1719; x_wconf 80' lang='grc' dir='ltr'><strong><em>θεόν</em></strong></span> <span class='ocrx_word' id='word_1_99' title='bbox 860 1651 892 1729; x_wconf 74' lang='grc' dir='ltr'><strong><em>ἐς</em></strong></span> <span class='ocrx_word' id='word_1_100' title='bbox 914 1654 951 1719; x_wconf 81' lang='grc' dir='ltr'><strong><em>τό</em></strong></span> <span class='ocrx_word' id='word_1_101' title='bbox 981 1652 1132 1736; x_wconf 76' lang='grc' dir='ltr'><strong><em>μάλιστα,</em></strong></span> <span class='ocrx_word' id='word_1_102' title='bbox 1153 1659 1215 1737; x_wconf 50' lang='grc' dir='ltr'><strong><em>βαρ</em></strong></span> 
     </span>
     <span class='ocr_line' id='line_1_15' title="bbox 115 1746 1216 1842; baseline 0.002 -22"><span class='ocrx_word' id='word_1_103' title='bbox 115 1762 252 1829; x_wconf 78' lang='grc' dir='ltr'><strong><em>σκλικοῖς</em></strong></span> <span class='ocrx_word' id='word_1_104' title='bbox 275 1746 471 1839; x_wconf 83' lang='grc' dir='ltr'><strong><em>πανηγόρεσί</em></strong></span> <span class='ocrx_word' id='word_1_105' title='bbox 492 1779 525 1819; x_wconf 86' lang='grc' dir='ltr'><strong><em>τε</em></strong></span> <span class='ocrx_word' id='word_1_106' title='bbox 553 1760 608 1820; x_wconf 86' lang='grc' dir='ltr'><strong><em>καί</em></strong></span> <span class='ocrx_word' id='word_1_107' title='bbox 630 1755 744 1840; x_wconf 83' lang='grc' dir='ltr'><strong><em>χόρτοι</em></strong></span> <span class='ocrx_word' id='word_1_108' title='bbox 773 1761 828 1820; x_wconf 86' lang='grc' dir='ltr'><strong><em>καί</em></strong></span> <span class='ocrx_word' id='word_1_109' title='bbox 849 1759 1070 1842; x_wconf 81' lang='grc' dir='ltr'><strong><em>φιοτοχυσίαις</em></strong></span> <span class='ocrx_word' id='word_1_110' title='bbox 1099 1756 1155 1833; x_wconf 79' lang='grc' dir='ltr'><strong><em>τάς</em></strong></span> <span class='ocrx_word' id='word_1_111' title='bbox 1182 1780 1216 1822; x_wconf 87' lang='grc' dir='ltr'><strong><em>τε</em></strong></span> 
     </span>
     <span class='ocr_line' id='line_1_16' title="bbox 73 1850 1257 1942; baseline 0.001 -21"><span class='ocrx_word' id='word_1_112' title='bbox 73 1859 158 1921; x_wconf 72' lang='grc' dir='ltr'><strong><em>λῠδί</em></strong></span> <span class='ocrx_word' id='word_1_113' title='bbox 181 1854 272 1931; x_wconf 73' lang='grc' dir='ltr'><strong><em>ἔτους</em></strong></span> <span class='ocrx_word' id='word_1_114' title='bbox 294 1855 479 1930; x_wconf 79' lang='grc' dir='ltr'><strong><em>δεσποτικὰς</em></strong></span> <span class='ocrx_word' id='word_1_115' title='bbox 507 1850 617 1941; x_wconf 71' lang='grc' dir='ltr'><strong><em>ἑορτὰς</em></strong></span> <span class='ocrx_word' id='word_1_116' title='bbox 642 1861 673 1931; x_wconf 79' lang='grc' dir='ltr'><strong><em>ἐς</em></strong></span> <span class='ocrx_word' id='word_1_117' title='bbox 694 1855 727 1920; x_wconf 88' lang='grc' dir='ltr'><strong><em>τό</em></strong></span> <span class='ocrx_word' id='word_1_118' title='bbox 753 1859 881 1941; x_wconf 81' lang='grc' dir='ltr'><strong><em>α’κριβὲς</em></strong></span> <span class='ocrx_word' id='word_1_119' title='bbox 900 1856 1149 1942; x_wconf 86' lang='grc' dir='ltr'><strong><em>κατελόμπρυνε,</em></strong></span> <span class='ocrx_word' id='word_1_120' title='bbox 1164 1861 1219 1922; x_wconf 85' lang='grc' dir='ltr'><strong><em>καί</em></strong></span> <span class='ocrx_word' id='word_1_121' title='bbox 1250 1879 1257 1892; x_wconf 65' lang='grc'><strong>“</strong></span> 
     </span>
     <span class='ocr_line' id='line_1_17' title="bbox 117 1949 1219 2044; baseline 0.003 -25"><span class='ocrx_word' id='word_1_122' title='bbox 117 1953 175 2032; x_wconf 72' lang='grc' dir='ltr'><strong><em>τὰς</em></strong></span> <span class='ocrx_word' id='word_1_123' title='bbox 195 1960 257 2022; x_wconf 76' lang='grc' dir='ltr'><strong><em>τοῖν</em></strong></span> <span class='ocrx_word' id='word_1_124' title='bbox 278 1953 450 2041; x_wconf 87' lang='grc' dir='ltr'><strong><em>μαρτόριον</em></strong></span> <span class='ocrx_word' id='word_1_125' title='bbox 478 1955 606 2041; x_wconf 78' lang='grc' dir='ltr'><strong><em>μνήμας</em></strong></span> <span class='ocrx_word' id='word_1_126' title='bbox 638 1962 694 2021; x_wconf 83' lang='grc' dir='ltr'><strong><em>καί</em></strong></span> <span class='ocrx_word' id='word_1_127' title='bbox 718 1963 781 2022; x_wconf 85' lang='grc' dir='ltr'><strong><em>τεόν</em></strong></span> <span class='ocrx_word' id='word_1_128' title='bbox 809 1949 913 2034; x_wconf 67' lang='grc' dir='ltr'><strong><em>ἄλλοις</em></strong></span> <span class='ocrx_word' id='word_1_129' title='bbox 942 1956 1219 2044; x_wconf 75' lang='grc' dir='ltr'><strong><em>εόπρεστησοόνιων</em></strong></span> 
     </span>
     <span class='ocr_line' id='line_1_18' title="bbox 113 2055 1218 2145; baseline 0.002 -24"><span class='ocrx_word' id='word_1_130' title='bbox 113 2063 184 2145; x_wconf 72' lang='grc' dir='ltr'><strong><em>θεῷ</em></strong></span> <span class='ocrx_word' id='word_1_131' title='bbox 200 2065 340 2135; x_wconf 74' lang='grc' dir='ltr'><strong><em>τελεταῖς</em></strong></span> <span class='ocrx_word' id='word_1_132' title='bbox 357 2055 531 2144; x_wconf 73' lang='grc' dir='ltr'><strong><em>πανδήμοις</em></strong></span> <span class='ocrx_word' id='word_1_133' title='bbox 547 2062 603 2124; x_wconf 88' lang='grc' dir='ltr'><strong><em>καί</em></strong></span> <span class='ocrx_word' id='word_1_134' title='bbox 623 2062 795 2142; x_wconf 83' lang='grc' dir='ltr'><strong><em>παννόχοις</em></strong></span> <span class='ocrx_word' id='word_1_135' title='bbox 815 2062 1040 2141; x_wconf 79' lang='grc' dir='ltr'><strong><em>χοροστασίαις</em></strong></span> <span class='ocrx_word' id='word_1_136' title='bbox 1062 2061 1095 2123; x_wconf 76' lang='grc' dir='ltr'><strong><em>όν</em></strong></span> <span class='ocrx_word' id='word_1_137' title='bbox 1115 2061 1218 2141; x_wconf 79' lang='grc' dir='ltr'><strong><em>δαψι-</em></strong></span> 
     </span>
     <span class='ocr_line' id='line_1_19' title="bbox 115 2156 1218 2250; baseline -0.002 -27"><span class='ocrx_word' id='word_1_138' title='bbox 115 2166 170 2224; x_wconf 79' lang='grc' dir='ltr'><strong><em>λεῖ</em></strong></span> <span class='ocrx_word' id='word_1_139' title='bbox 185 2162 229 2250; x_wconf 72' lang='grc' dir='ltr'><strong><em>τῷ</em></strong></span> <span class='ocrx_word' id='word_1_140' title='bbox 253 2161 339 2243; x_wconf 80' lang='grc' dir='ltr'><strong><em>φωτί</em></strong></span> <span class='ocrx_word' id='word_1_141' title='bbox 359 2164 542 2245; x_wconf 75' lang='grc' dir='ltr'><strong><em>περιφανεῖς</em></strong></span> <span class='ocrx_word' id='word_1_142' title='bbox 564 2163 791 2243; x_wconf 82' lang='grc' dir='ltr'><strong><em>κατεσόμνονε.</em></strong></span> <span class='ocrx_word' id='word_1_143' title='bbox 833 2162 887 2225; x_wconf 85' lang='grc' dir='ltr'><strong><em>καί</em></strong></span> <span class='ocrx_word' id='word_1_144' title='bbox 901 2161 1049 2224; x_wconf 77' lang='grc' dir='ltr'><strong><em>τοσοῦτον</em></strong></span> <span class='ocrx_word' id='word_1_145' title='bbox 1071 2156 1218 2244; x_wconf 76' lang='grc' dir='ltr'><strong><em>ἐξήρτητο</em></strong></span> 
     </span>
     <span class='ocr_line' id='line_1_20' title="bbox 115 2252 1217 2347; baseline -0.003 -21"><span class='ocrx_word' id='word_1_146' title='bbox 115 2252 176 2326; x_wconf 80' lang='grc' dir='ltr'><strong><em>καί</em></strong></span> <span class='ocrx_word' id='word_1_147' title='bbox 205 2258 429 2343; x_wconf 85' lang='grc' dir='ltr'><strong><em>περιεγοόννυτο</em></strong></span> <span class='ocrx_word' id='word_1_148' title='bbox 456 2271 525 2337; x_wconf 81' lang='grc' dir='ltr'><strong><em>ταῖς</em></strong></span> <span class='ocrx_word' id='word_1_149' title='bbox 545 2266 649 2338; x_wconf 73' lang='grc' dir='ltr'><strong><em>θείαις</em></strong></span> <span class='ocrx_word' id='word_1_150' title='bbox 670 2259 800 2337; x_wconf 77' lang='grc' dir='ltr'><strong><em>ταύταις</em></strong></span> <span class='ocrx_word' id='word_1_151' title='bbox 824 2260 1061 2347; x_wconf 88' lang='grc' dir='ltr'><strong><em>λαμπρότησιν,</em></strong></span> <span class='ocrx_word' id='word_1_152' title='bbox 1087 2257 1137 2326; x_wconf 86' lang='grc' dir='ltr'><strong><em>ότι</em></strong></span> <span class='ocrx_word' id='word_1_153' title='bbox 1159 2283 1217 2342; x_wconf 89' lang='grc' dir='ltr'><strong><em>περ</em></strong></span> 
     </span>
     <span class='ocr_line' id='line_1_21' title="bbox 72 2355 1219 2451; baseline -0.003 -22"><span class='ocrx_word' id='word_1_154' title='bbox 72 2355 339 2447; x_wconf 70' lang='grc' dir='ltr'><strong><em>λθόρδριιότερος</em></strong></span> <span class='ocrx_word' id='word_1_155' title='bbox 361 2361 436 2447; x_wconf 86' lang='grc' dir='ltr'><strong><em>περί</em></strong></span> <span class='ocrx_word' id='word_1_156' title='bbox 464 2362 590 2446; x_wconf 85' lang='grc' dir='ltr'><strong><em>πριότας</em></strong></span> <span class='ocrx_word' id='word_1_157' title='bbox 611 2359 828 2446; x_wconf 75' lang='grc' dir='ltr'><strong><em>ἀλεκτρυόνων</em></strong></span> <span class='ocrx_word' id='word_1_158' title='bbox 845 2359 929 2451; x_wconf 74' lang='grc' dir='ltr'><strong><em>ᾠδός</em></strong></span> <span class='ocrx_word' id='word_1_159' title='bbox 946 2369 1008 2438; x_wconf 79' lang='grc' dir='ltr'><strong><em>τοῖς</em></strong></span> <span class='ocrx_word' id='word_1_160' title='bbox 1028 2361 1219 2444; x_wconf 81' lang='grc' dir='ltr'><strong><em>όμνοπόλοις</em></strong></span> 
     </span>
     <span class='ocr_line' id='line_1_22' title="bbox 119 2450 1220 2550; baseline -0.003 -21"><span class='ocrx_word' id='word_1_161' title='bbox 119 2462 369 2549; x_wconf 73' lang='grc' dir='ltr'><strong><em>ἐπιφαινόμενος</em></strong></span> <span class='ocrx_word' id='word_1_162' title='bbox 390 2464 517 2539; x_wconf 81' lang='grc' dir='ltr'><strong><em>καίιοῑς</em></strong></span> <span class='ocrx_word' id='word_1_163' title='bbox 537 2464 842 2550; x_wconf 79' lang='grc' dir='ltr'><strong><em>συνεκκλησιόζονσι</em></strong></span> <span class='ocrx_word' id='word_1_164' title='bbox 866 2470 1051 2545; x_wconf 78' lang='grc' dir='ltr'><strong><em>βουλευταῖς</em></strong></span> <span class='ocrx_word' id='word_1_165' title='bbox 1060 2462 1127 2527; x_wconf 79' lang='grc' dir='ltr'><strong><em>καί</em></strong></span> <span class='ocrx_word' id='word_1_166' title='bbox 1139 2450 1220 2544; x_wconf 52' lang='lat' dir='ltr'><strong>osy-2</strong></span> 
     </span>
     <span class='ocr_line' id='line_1_23' title="bbox 117 2556 1221 2655; baseline -0.002 -26"><span class='ocrx_word' id='word_1_167' title='bbox 117 2571 291 2649; x_wconf 82' lang='grc' dir='ltr'><strong><em>κλητικοῖς,</em></strong></span> <span class='ocrx_word' id='word_1_168' title='bbox 312 2566 387 2629; x_wconf 75' lang='grc' dir='ltr'><strong><em>οὐδὲ</em></strong></span> <span class='ocrx_word' id='word_1_169' title='bbox 407 2569 450 2653; x_wconf 75' lang='grc' dir='ltr'><strong><em>τῷ</em></strong></span> <span class='ocrx_word' id='word_1_170' title='bbox 470 2558 622 2654; x_wconf 84' lang='grc' dir='ltr'><strong><em>βασιλείῳ</em></strong></span> <span class='ocrx_word' id='word_1_171' title='bbox 643 2565 750 2655; x_wconf 75' lang='grc' dir='ltr'><strong><em>θρόνῳ</em></strong></span> <span class='ocrx_word' id='word_1_172' title='bbox 772 2560 888 2629; x_wconf 77' lang='grc' dir='ltr'><strong><em>ἑαυτόν</em></strong></span> <span class='ocrx_word' id='word_1_173' title='bbox 909 2562 1056 2631; x_wconf 73' lang='grc' dir='ltr'><strong><em>ἐπεδίδου</em></strong></span> <span class='ocrx_word' id='word_1_174' title='bbox 1080 2566 1147 2629; x_wconf 77' lang='grc' dir='ltr'><strong><em>πόλλ’</em></strong></span> <span class='ocrx_word' id='word_1_175' title='bbox 1164 2556 1221 2648; x_wconf 81' lang='grc' dir='ltr'><strong><em>ὅρ-</em></strong></span> 
     </span>
     <span class='ocr_line' id='line_1_24' title="bbox 87 2659 1221 2755; baseline -0.004 -20"><span class='ocrx_word' id='word_1_176' title='bbox 87 2724 92 2735; x_wconf 90' lang='grc'><strong>.</strong></span> <span class='ocrx_word' id='word_1_177' title='bbox 120 2671 193 2740; x_wconf 61' lang='lat' dir='ltr'><strong>&amp;tot</strong></span> <span class='ocrx_word' id='word_1_178' title='bbox 216 2663 381 2747; x_wconf 73' lang='grc' dir='ltr'><strong><em>ἱστάμενος</em></strong></span> <span class='ocrx_word' id='word_1_179' title='bbox 404 2659 482 2749; x_wconf 78' lang='grc' dir='ltr'><strong><em>ἄχρι</em></strong></span> <span class='ocrx_word' id='word_1_180' title='bbox 510 2671 620 2743; x_wconf 69' lang='grc' dir='ltr'><strong><em>τέλους</em></strong></span> <span class='ocrx_word' id='word_1_181' title='bbox 651 2671 706 2750; x_wconf 81' lang='grc' dir='ltr'><strong><em>τῆς</em></strong></span> <span class='ocrx_word' id='word_1_182' title='bbox 737 2666 928 2755; x_wconf 78' lang='grc' dir='ltr'><strong><em>όμνφδιάς,·</em></strong></span> <span class='ocrx_word' id='word_1_183' title='bbox 948 2662 1016 2751; x_wconf 86' lang='grc' dir='ltr'><strong><em>ήτις</em></strong></span> <span class='ocrx_word' id='word_1_184' title='bbox 1041 2665 1097 2731; x_wconf 85' lang='grc' dir='ltr'><strong><em>καί</em></strong></span> <span class='ocrx_word' id='word_1_185' title='bbox 1123 2666 1221 2750; x_wconf 80' lang='grc' dir='ltr'><strong><em>μίχρι</em></strong></span> 
     </span>
     <span class='ocr_line' id='line_1_25' title="bbox 122 2761 1222 2860; baseline 0.001 -29"><span class='ocrx_word' id='word_1_186' title='bbox 122 2772 233 2852; x_wconf 86' lang='grc' dir='ltr'><strong><em>τρίτης</em></strong></span> <span class='ocrx_word' id='word_1_187' title='bbox 255 2763 342 2850; x_wconf 75' lang='grc' dir='ltr'><strong><em>οόρας</em></strong></span> <span class='ocrx_word' id='word_1_188' title='bbox 365 2773 422 2851; x_wconf 82' lang='grc' dir='ltr'><strong><em>τῆς</em></strong></span> <span class='ocrx_word' id='word_1_189' title='bbox 442 2767 561 2854; x_wconf 74' lang='grc' dir='ltr'><strong><em>ἡμέρας</em></strong></span> <span class='ocrx_word' id='word_1_190' title='bbox 580 2772 624 2860; x_wconf 70' lang='lat' dir='ltr'><strong><em>spi</em></strong></span> <span class='ocrx_word' id='word_1_191' title='bbox 644 2774 831 2854; x_wconf 79' lang='grc' dir='ltr'><strong><em>περικαλλεῖ</em></strong></span> <span class='ocrx_word' id='word_1_192' title='bbox 849 2771 912 2834; x_wconf 80' lang='grc' dir='ltr'><strong><em>τοόν</em></strong></span> <span class='ocrx_word' id='word_1_193' title='bbox 932 2761 1041 2850; x_wconf 80' lang='grc' dir='ltr'><strong><em>όμνων</em></strong></span> <span class='ocrx_word' id='word_1_194' title='bbox 1063 2767 1117 2833; x_wconf 86' lang='grc' dir='ltr'><strong><em>καί</em></strong></span> <span class='ocrx_word' id='word_1_195' title='bbox 1129 2770 1222 2852; x_wconf 71' lang='lat' dir='ltr'><strong>Cocy-</strong></span> 
     </span>
    </p>
   </div>
   <div class='ocr_carea' id='block_1_3' title="bbox 120 3028 1223 3599">
    <p class='ocr_par' dir='ltr' id='par_1_3' title="bbox 120 3028 1223 3599">
     <span class='ocr_line' id='line_1_26' title="bbox 122 3028 1222 3099; baseline 0.005 -17"><span class='ocrx_word' id='word_1_196' title='bbox 122 3028 267 3083; x_wconf 66' lang='lat' dir='ltr'><strong>exhaurire</strong></span> <span class='ocrx_word' id='word_1_197' title='bbox 298 3046 379 3081; x_wconf 85' lang='lat' dir='ltr'><strong>mare.</strong></span> <span class='ocrx_word' id='word_1_198' title='bbox 418 3030 486 3080; x_wconf 88' lang='lat' dir='ltr'><strong>idem</strong></span> <span class='ocrx_word' id='word_1_199' title='bbox 517 3030 586 3099; x_wconf 80' lang='lat' dir='ltr'><strong>enirn</strong></span> <span class='ocrx_word' id='word_1_200' title='bbox 604 3046 653 3082; x_wconf 87' lang='lat' dir='ltr'><strong><em>rex</em></strong></span> <span class='ocrx_word' id='word_1_201' title='bbox 680 3037 707 3081; x_wconf 87' lang='lat' dir='ltr'><strong><em>et</em></strong></span> <span class='ocrx_word' id='word_1_202' title='bbox 733 3038 861 3097; x_wconf 79' lang='lat' dir='ltr'><strong>tyrannos</strong></span> <span class='ocrx_word' id='word_1_203' title='bbox 888 3031 1006 3099; x_wconf 83' lang='lat' dir='ltr'><strong>deiectos</strong></span> <span class='ocrx_word' id='word_1_204' title='bbox 1033 3038 1060 3083; x_wconf 90' lang='lat' dir='ltr'><strong><em>et</em></strong></span> <span class='ocrx_word' id='word_1_205' title='bbox 1078 3031 1222 3089; x_wconf 82' lang='lat' dir='ltr'><strong>submissos</strong></span> 
     </span>
     <span class='ocr_line' id='line_1_27' title="bbox 122 3101 1222 3171; baseline 0.001 -17"><span class='ocrx_word' id='word_1_206' title='bbox 122 3103 175 3155; x_wconf 86' lang='lat' dir='ltr'><strong>sibi</strong></span> <span class='ocrx_word' id='word_1_207' title='bbox 199 3118 253 3153; x_wconf 90' lang='lat' dir='ltr'><strong><em>non</em></strong></span> <span class='ocrx_word' id='word_1_208' title='bbox 282 3102 368 3154; x_wconf 87' lang='lat' dir='ltr'><strong>solnm</strong></span> <span class='ocrx_word' id='word_1_209' title='bbox 387 3102 570 3153; x_wconf 82' lang='lat' dir='ltr'><strong>misericordia</strong></span> <span class='ocrx_word' id='word_1_210' title='bbox 601 3110 628 3153; x_wconf 92' lang='lat' dir='ltr'><strong><em>et</em></strong></span> <span class='ocrx_word' id='word_1_211' title='bbox 652 3102 815 3153; x_wconf 74' lang='lat' dir='ltr'><strong>humanitate</strong></span> <span class='ocrx_word' id='word_1_212' title='bbox 840 3101 963 3171; x_wconf 78' lang='lat' dir='ltr'><strong>dignatus</strong></span> <span class='ocrx_word' id='word_1_213' title='bbox 990 3110 1047 3167; x_wconf 85' lang='lat' dir='ltr'><strong>est,</strong></span> <span class='ocrx_word' id='word_1_214' title='bbox 1072 3103 1119 3155; x_wconf 86' lang='lat' dir='ltr'><strong>sed</strong></span> <span class='ocrx_word' id='word_1_215' title='bbox 1144 3105 1222 3156; x_wconf 84' lang='lat' dir='ltr'><strong>etium</strong></span> 
     </span>
     <span class='ocr_line' id='line_1_28' title="bbox 120 3172 1222 3242; baseline -0.002 -17"><span class='ocrx_word' id='word_1_216' title='bbox 120 3176 244 3227; x_wconf 78' lang='lat' dir='ltr'><strong>maximis</strong></span> <span class='ocrx_word' id='word_1_217' title='bbox 263 3173 401 3225; x_wconf 85' lang='lat' dir='ltr'><strong>beneficiis</strong></span> <span class='ocrx_word' id='word_1_218' title='bbox 420 3172 547 3239; x_wconf 88' lang='lat' dir='ltr'><strong>placavit,</strong></span> <span class='ocrx_word' id='word_1_219' title='bbox 567 3174 636 3225; x_wconf 88' lang='lat' dir='ltr'><strong>sicut</strong></span> <span class='ocrx_word' id='word_1_220' title='bbox 653 3173 816 3240; x_wconf 75' lang='lat' dir='ltr'><strong>Brycnnium</strong></span> <span class='ocrx_word' id='word_1_221' title='bbox 832 3181 857 3225; x_wconf 87' lang='lat' dir='ltr'><strong><em>et</em></strong></span> <span class='ocrx_word' id='word_1_222' title='bbox 876 3175 986 3242; x_wconf 88' lang='lat' dir='ltr'><strong>eosqui</strong></span> <span class='ocrx_word' id='word_1_223' title='bbox 1006 3190 1065 3225; x_wconf 90' lang='lat' dir='ltr'><strong><em>cum</em></strong></span> <span class='ocrx_word' id='word_1_224' title='bbox 1086 3174 1137 3226; x_wconf 89' lang='lat' dir='ltr'><strong><em>hoc</em></strong></span> <span class='ocrx_word' id='word_1_225' title='bbox 1156 3190 1222 3227; x_wconf 88' lang='lat' dir='ltr'><strong>sen.</strong></span> 
     </span>
     <span class='ocr_line' id='line_1_29' title="bbox 121 3244 1222 3315; baseline 0.002 -18"><span class='ocrx_word' id='word_1_226' title='bbox 121 3247 224 3309; x_wconf 84' lang='lat' dir='ltr'><strong>tinent,</strong></span> <span class='ocrx_word' id='word_1_227' title='bbox 245 3244 393 3297; x_wconf 78' lang='lat' dir='ltr'><strong>illustribus</strong></span> <span class='ocrx_word' id='word_1_228' title='bbox 418 3244 591 3313; x_wconf 79' lang='lat' dir='ltr'><strong>dignitatibus</strong></span> <span class='ocrx_word' id='word_1_229' title='bbox 621 3261 721 3313; x_wconf 82' lang='lat' dir='ltr'><strong>augens</strong></span> <span class='ocrx_word' id='word_1_230' title='bbox 753 3255 779 3297; x_wconf 91' lang='lat' dir='ltr'><strong>ct</strong></span> <span class='ocrx_word' id='word_1_231' title='bbox 803 3246 907 3312; x_wconf 86' lang='lat' dir='ltr'><strong>privata</strong></span> <span class='ocrx_word' id='word_1_232' title='bbox 925 3245 995 3296; x_wconf 85' lang='lat' dir='ltr'><strong>bona</strong></span> <span class='ocrx_word' id='word_1_233' title='bbox 1013 3247 1168 3315; x_wconf 87' lang='lat' dir='ltr'><strong>relinquens</strong></span> <span class='ocrx_word' id='word_1_234' title='bbox 1187 3247 1222 3299; x_wconf 87' lang='lat' dir='ltr'><strong><em>iis</em></strong></span> 
     </span>
     <span class='ocr_line' id='line_1_30' title="bbox 120 3315 1223 3385; baseline 0.001 -18"><span class='ocrx_word' id='word_1_235' title='bbox 120 3319 223 3369; x_wconf 78' lang='lat' dir='ltr'><strong>intucta</strong></span> <span class='ocrx_word' id='word_1_236' title='bbox 242 3325 269 3367; x_wconf 92' lang='lat' dir='ltr'><strong><em>et</em></strong></span> <span class='ocrx_word' id='word_1_237' title='bbox 287 3316 469 3367; x_wconf 86' lang='lat' dir='ltr'><strong>accessionem</strong></span> <span class='ocrx_word' id='word_1_238' title='bbox 486 3318 570 3384; x_wconf 78' lang='lat' dir='ltr'><strong>regiis</strong></span> <span class='ocrx_word' id='word_1_239' title='bbox 584 3318 661 3369; x_wconf 88' lang='lat' dir='ltr'><strong>donis</strong></span> <span class='ocrx_word' id='word_1_240' title='bbox 675 3318 818 3385; x_wconf 81' lang='lat' dir='ltr'><strong>benignam</strong></span> <span class='ocrx_word' id='word_1_241' title='bbox 831 3318 864 3368; x_wconf 87' lang='lat' dir='ltr'><strong><em>iis</em></strong></span> <span class='ocrx_word' id='word_1_242' title='bbox 885 3315 1041 3381; x_wconf 85' lang='lat' dir='ltr'><strong>concilians,</strong></span> <span class='ocrx_word' id='word_1_243' title='bbox 1062 3326 1088 3370; x_wconf 90' lang='lat' dir='ltr'><strong><em>et</em></strong></span> <span class='ocrx_word' id='word_1_244' title='bbox 1107 3320 1223 3370; x_wconf 88' lang='lat' dir='ltr'><strong>omnium</strong></span> 
     </span>
     <span class='ocr_line' id='line_1_31' title="bbox 122 3388 1222 3457; baseline -0.003 -17"><span class='ocrx_word' id='word_1_245' title='bbox 122 3388 233 3440; x_wconf 77' lang='lat' dir='ltr'><strong>oblivisi</strong></span> <span class='ocrx_word' id='word_1_246' title='bbox 253 3388 347 3439; x_wconf 87' lang='lat' dir='ltr'><strong>iubens</strong></span> <span class='ocrx_word' id='word_1_247' title='bbox 365 3388 495 3452; x_wconf 87' lang='lat' dir='ltr'><strong>tristium,</strong></span> <span class='ocrx_word' id='word_1_248' title='bbox 523 3390 551 3437; x_wconf 81' lang='lat' dir='ltr'><strong><em>io</em></strong></span> <span class='ocrx_word' id='word_1_249' title='bbox 571 3390 640 3455; x_wconf 86' lang='lat' dir='ltr'><strong>quod</strong></span> <span class='ocrx_word' id='word_1_250' title='bbox 662 3403 740 3439; x_wconf 90' lang='lat' dir='ltr'><strong>nemo</strong></span> <span class='ocrx_word' id='word_1_251' title='bbox 767 3404 880 3455; x_wconf 86' lang='lat' dir='ltr'><strong>unquam</strong></span> <span class='ocrx_word' id='word_1_252' title='bbox 904 3403 997 3456; x_wconf 81' lang='lat' dir='ltr'><strong>regum</strong></span> <span class='ocrx_word' id='word_1_253' title='bbox 1017 3389 1118 3441; x_wconf 85' lang='lat' dir='ltr'><strong>iaciens</strong></span> <span class='ocrx_word' id='word_1_254' title='bbox 1137 3404 1222 3457; x_wconf 85' lang='lat' dir='ltr'><strong>appu.</strong></span> 
     </span>
     <span class='ocr_line' id='line_1_32' title="bbox 120 3458 1222 3530; baseline -0.002 -17"><span class='ocrx_word' id='word_1_255' title='bbox 120 3460 208 3522; x_wconf 83' lang='lat' dir='ltr'><strong>rebat,</strong></span> <span class='ocrx_word' id='word_1_256' title='bbox 228 3467 255 3509; x_wconf 90' lang='lat' dir='ltr'><strong><em>et</em></strong></span> <span class='ocrx_word' id='word_1_257' title='bbox 275 3458 375 3523; x_wconf 89' lang='lat' dir='ltr'><strong>hostes,</strong></span> <span class='ocrx_word' id='word_1_258' title='bbox 395 3460 442 3526; x_wconf 89' lang='lat' dir='ltr'><strong><em>qui</em></strong></span> <span class='ocrx_word' id='word_1_259' title='bbox 459 3460 492 3510; x_wconf 85' lang='lat' dir='ltr'><strong><em>ud</em></strong></span> <span class='ocrx_word' id='word_1_260' title='bbox 511 3474 570 3509; x_wconf 89' lang='lat' dir='ltr'><strong>eum</strong></span> <span class='ocrx_word' id='word_1_261' title='bbox 589 3458 776 3530; x_wconf 79' lang='lat' dir='ltr'><strong>conlugerent,</strong></span> <span class='ocrx_word' id='word_1_262' title='bbox 795 3458 941 3511; x_wconf 84' lang='lat' dir='ltr'><strong>clementer</strong></span> <span class='ocrx_word' id='word_1_263' title='bbox 961 3461 1068 3527; x_wconf 80' lang='lat' dir='ltr'><strong>excepit</strong></span> <span class='ocrx_word' id='word_1_264' title='bbox 1088 3468 1115 3511; x_wconf 93' lang='lat' dir='ltr'><strong><em>et</em></strong></span> <span class='ocrx_word' id='word_1_265' title='bbox 1125 3468 1222 3512; x_wconf 86' lang='lat' dir='ltr'><strong>terram</strong></span> 
     </span>
     <span class='ocr_line' id='line_1_33' title="bbox 121 3530 1126 3599; baseline -0.001 -17"><span class='ocrx_word' id='word_1_266' title='bbox 121 3534 155 3585; x_wconf 88' lang='lat' dir='ltr'><strong><em>iis</em></strong></span> <span class='ocrx_word' id='word_1_267' title='bbox 173 3530 308 3599; x_wconf 83' lang='lat' dir='ltr'><strong>publicam</strong></span> <span class='ocrx_word' id='word_1_268' title='bbox 328 3531 420 3581; x_wconf 85' lang='lat' dir='ltr'><strong>tribuit</strong></span> <span class='ocrx_word' id='word_1_269' title='bbox 444 3538 470 3580; x_wconf 91' lang='lat' dir='ltr'><strong><em>et</em></strong></span> <span class='ocrx_word' id='word_1_270' title='bbox 488 3544 638 3598; x_wconf 82' lang='lat' dir='ltr'><strong>generosae</strong></span> <span class='ocrx_word' id='word_1_271' title='bbox 657 3532 871 3582; x_wconf 87' lang='lat' dir='ltr'><strong>commorationis</strong></span> <span class='ocrx_word' id='word_1_272' title='bbox 893 3532 1037 3599; x_wconf 81' lang='lat' dir='ltr'><strong>participes</strong></span> <span class='ocrx_word' id='word_1_273' title='bbox 1053 3532 1126 3583; x_wconf 84' lang='lat' dir='ltr'><strong>fecit.</strong></span> 
     </span>
    </p>
   </div>
   <div class='ocr_carea' id='block_1_4' title="bbox 108 3604 1225 4261">
    <p class='ocr_par' dir='ltr' id='par_1_4' title="bbox 108 3604 1225 4261">
     <span class='ocr_line' id='line_1_34' title="bbox 140 3604 1221 3689; baseline 0.001 -17"><span class='ocrx_word' id='word_1_274' title='bbox 140 3604 150 3631; x_wconf 59' lang='lat'><em>²</em></span> <span class='ocrx_word' id='word_1_275' title='bbox 222 3618 360 3672; x_wconf 88' lang='lat' dir='ltr'><strong>Piissimus</strong></span> <span class='ocrx_word' id='word_1_276' title='bbox 378 3626 465 3669; x_wconf 84' lang='lat' dir='ltr'><strong>autem</strong></span> <span class='ocrx_word' id='word_1_277' title='bbox 483 3618 511 3669; x_wconf 92' lang='lat' dir='ltr'><strong><em>in</em></strong></span> <span class='ocrx_word' id='word_1_278' title='bbox 535 3617 614 3669; x_wconf 88' lang='lat' dir='ltr'><strong>rebus</strong></span> <span class='ocrx_word' id='word_1_279' title='bbox 634 3618 731 3670; x_wconf 85' lang='lat' dir='ltr'><strong>divinis</strong></span> <span class='ocrx_word' id='word_1_280' title='bbox 751 3619 870 3684; x_wconf 86' lang='lat' dir='ltr'><strong>inprimis</strong></span> <span class='ocrx_word' id='word_1_281' title='bbox 897 3620 980 3689; x_wconf 85' lang='lat' dir='ltr'><strong>regiis</strong></span> <span class='ocrx_word' id='word_1_282' title='bbox 1000 3620 1175 3673; x_wconf 86' lang='lat' dir='ltr'><strong>concionibus</strong></span> <span class='ocrx_word' id='word_1_283' title='bbox 1195 3629 1221 3673; x_wconf 88' lang='lat' dir='ltr'><strong><em>et</em></strong></span> 
     </span>
     <span class='ocr_line' id='line_1_35' title="bbox 123 3690 1221 3761; baseline -0.002 -18"><span class='ocrx_word' id='word_1_284' title='bbox 123 3693 229 3761; x_wconf 85' lang='lat' dir='ltr'><strong>gaudiis</strong></span> <span class='ocrx_word' id='word_1_285' title='bbox 250 3698 277 3742; x_wconf 87' lang='lat' dir='ltr'><strong><em>et</em></strong></span> <span class='ocrx_word' id='word_1_286' title='bbox 295 3690 421 3743; x_wconf 91' lang='lat' dir='ltr'><strong>luminum</strong></span> <span class='ocrx_word' id='word_1_287' title='bbox 442 3690 520 3757; x_wconf 81' lang='lat' dir='ltr'><strong>copia</strong></span> <span class='ocrx_word' id='word_1_288' title='bbox 546 3703 633 3740; x_wconf 85' lang='lat' dir='ltr'><strong>annua</strong></span> <span class='ocrx_word' id='word_1_289' title='bbox 653 3690 839 3741; x_wconf 87' lang='lat' dir='ltr'><strong>dominationis</strong></span> <span class='ocrx_word' id='word_1_290' title='bbox 868 3690 937 3743; x_wconf 81' lang='lat' dir='ltr'><strong>lesia</strong></span> <span class='ocrx_word' id='word_1_291' title='bbox 955 3700 1079 3745; x_wconf 81' lang='lat' dir='ltr'><strong>accurate</strong></span> <span class='ocrx_word' id='word_1_292' title='bbox 1098 3690 1221 3746; x_wconf 80' lang='lat' dir='ltr'><strong>illustro.</strong></span> 
     </span>
     <span class='ocr_line' id='line_1_36' title="bbox 122 3760 1223 3832; baseline 0.002 -17"><span class='ocrx_word' id='word_1_293' title='bbox 122 3764 169 3815; x_wconf 86' lang='lat' dir='ltr'><strong>bat</strong></span> <span class='ocrx_word' id='word_1_294' title='bbox 189 3772 216 3816; x_wconf 90' lang='lat' dir='ltr'><strong><em>et</em></strong></span> <span class='ocrx_word' id='word_1_295' title='bbox 234 3772 378 3829; x_wconf 79' lang='lat' dir='ltr'><strong>martyrum</strong></span> <span class='ocrx_word' id='word_1_296' title='bbox 404 3762 556 3813; x_wconf 85' lang='lat' dir='ltr'><strong>memoriam</strong></span> <span class='ocrx_word' id='word_1_297' title='bbox 579 3762 610 3811; x_wconf 80' lang='lat' dir='ltr'><strong><em>&#39;et</em></strong></span> <span class='ocrx_word' id='word_1_298' title='bbox 628 3760 707 3812; x_wconf 88' lang='lat' dir='ltr'><strong>aliter</strong></span> <span class='ocrx_word' id='word_1_299' title='bbox 732 3762 783 3812; x_wconf 89' lang='lat' dir='ltr'><strong>deo</strong></span> <span class='ocrx_word' id='word_1_300' title='bbox 809 3768 942 3829; x_wconf 84' lang='lat' dir='ltr'><strong>gratorum</strong></span> <span class='ocrx_word' id='word_1_301' title='bbox 959 3766 1044 3831; x_wconf 80' lang='lat' dir='ltr'><strong>sacris</strong></span> <span class='ocrx_word' id='word_1_302' title='bbox 1062 3764 1177 3832; x_wconf 88' lang='lat' dir='ltr'><strong>publicis</strong></span> <span class='ocrx_word' id='word_1_303' title='bbox 1195 3771 1223 3817; x_wconf 85' lang='lat' dir='ltr'><strong>el</strong></span> 
     </span>
     <span class='ocr_line' id='line_1_37' title="bbox 124 3832 1222 3902; baseline 0 -13"><span class='ocrx_word' id='word_1_304' title='bbox 124 3836 262 3889; x_wconf 87' lang='lat' dir='ltr'><strong>nocturnis</strong></span> <span class='ocrx_word' id='word_1_305' title='bbox 282 3835 371 3885; x_wconf 89' lang='lat' dir='ltr'><strong>choris</strong></span> <span class='ocrx_word' id='word_1_306' title='bbox 389 3832 477 3901; x_wconf 90' lang='lat' dir='ltr'><strong>plenis</strong></span> <span class='ocrx_word' id='word_1_307' title='bbox 496 3832 639 3884; x_wconf 91' lang='lat' dir='ltr'><strong>luminibus</strong></span> <span class='ocrx_word' id='word_1_308' title='bbox 660 3833 732 3884; x_wconf 84' lang='lat' dir='ltr'><strong>clare</strong></span> <span class='ocrx_word' id='word_1_309' title='bbox 752 3833 871 3899; x_wconf 84' lang='lat' dir='ltr'><strong>ornabat,</strong></span> <span class='ocrx_word' id='word_1_310' title='bbox 891 3841 970 3902; x_wconf 88' lang='lat' dir='ltr'><strong>atque</strong></span> <span class='ocrx_word' id='word_1_311' title='bbox 987 3838 1222 3897; x_wconf 75' lang='lat' dir='ltr'><strong>tuntum&#39;inteutus</strong></span> 
     </span>
     <span class='ocr_line' id='line_1_38' title="bbox 127 3903 1223 3977; baseline -0.002 -17"><span class='ocrx_word' id='word_1_312' title='bbox 127 3916 183 3962; x_wconf 84' lang='lat' dir='ltr'><strong>erat</strong></span> <span class='ocrx_word' id='word_1_313' title='bbox 202 3916 229 3960; x_wconf 89' lang='lat' dir='ltr'><strong><em>et</em></strong></span> <span class='ocrx_word' id='word_1_314' title='bbox 246 3905 395 3958; x_wconf 83' lang='lat' dir='ltr'><strong>laetabatur</strong></span> <span class='ocrx_word' id='word_1_315' title='bbox 419 3906 509 3956; x_wconf 83' lang='lat' dir='ltr'><strong>(lirino</strong></span> <span class='ocrx_word' id='word_1_316' title='bbox 529 3905 581 3956; x_wconf 92' lang='lat' dir='ltr'><strong><em>hoc</em></strong></span> <span class='ocrx_word' id='word_1_317' title='bbox 600 3903 758 3971; x_wconf 86' lang='lat' dir='ltr'><strong>splendore,</strong></span> <span class='ocrx_word' id='word_1_318' title='bbox 787 3911 816 3956; x_wconf 88' lang='lat' dir='ltr'><strong>ut</strong></span> <span class='ocrx_word' id='word_1_319' title='bbox 838 3920 915 3956; x_wconf 83' lang='lat' dir='ltr'><strong>mane</strong></span> <span class='ocrx_word' id='word_1_320' title='bbox 940 3906 1011 3957; x_wconf 89' lang='lat' dir='ltr'><strong>cirea</strong></span> <span class='ocrx_word' id='word_1_321' title='bbox 1035 3908 1133 3974; x_wconf 88' lang='lat' dir='ltr'><strong>primos</strong></span> <span class='ocrx_word' id='word_1_322' title='bbox 1160 3907 1223 3977; x_wconf 76' lang='lat' dir='ltr'><strong>gal.</strong></span> 
     </span>
     <span class='ocr_line' id='line_1_39' title="bbox 125 3976 1223 4044; baseline -0.002 -13"><span class='ocrx_word' id='word_1_323' title='bbox 125 3980 212 4033; x_wconf 88' lang='lat' dir='ltr'><strong>lorum</strong></span> <span class='ocrx_word' id='word_1_324' title='bbox 231 3986 323 4031; x_wconf 82' lang='lat' dir='ltr'><strong>cantus</strong></span> <span class='ocrx_word' id='word_1_325' title='bbox 342 3977 498 4042; x_wconf 77' lang='lat' dir='ltr'><strong>hymnorum</strong></span> <span class='ocrx_word' id='word_1_326' title='bbox 515 3978 604 4043; x_wconf 91' lang='lat' dir='ltr'><strong>poetis</strong></span> <span class='ocrx_word' id='word_1_327' title='bbox 622 3992 754 4042; x_wconf 84' lang='lat' dir='ltr'><strong>apparens</strong></span> <span class='ocrx_word' id='word_1_328' title='bbox 774 3984 801 4029; x_wconf 93' lang='lat' dir='ltr'><strong><em>et</em></strong></span> <span class='ocrx_word' id='word_1_329' title='bbox 819 3978 852 4027; x_wconf 90' lang='lat' dir='ltr'><strong><em>iis</em></strong></span> <span class='ocrx_word' id='word_1_330' title='bbox 872 3976 916 4044; x_wconf 88' lang='lat' dir='ltr'><strong><em>qui</em></strong></span> <span class='ocrx_word' id='word_1_331' title='bbox 939 3992 953 4027; x_wconf 93' lang='lat' dir='ltr'><strong>e</strong></span> <span class='ocrx_word' id='word_1_332' title='bbox 973 3986 1067 4031; x_wconf 85' lang='lat' dir='ltr'><strong>senatu</strong></span> <span class='ocrx_word' id='word_1_333' title='bbox 1086 3985 1113 4029; x_wconf 89' lang='lat' dir='ltr'><strong><em>et</em></strong></span> <span class='ocrx_word' id='word_1_334' title='bbox 1131 3980 1223 4033; x_wconf 86' lang='lat' dir='ltr'><strong>consi.</strong></span> 
     </span>
     <span class='ocr_line' id='line_1_40' title="bbox 108 4038 1224 4115; baseline -0.004 -13"><span class='ocrx_word' id='word_1_335' title='bbox 108 4038 164 4102; x_wconf 85' lang='lat' dir='ltr'><strong><em>¹lio</em></strong></span> <span class='ocrx_word' id='word_1_336' title='bbox 184 4052 280 4103; x_wconf 78' lang='lat' dir='ltr'><strong>festum</strong></span> <span class='ocrx_word' id='word_1_337' title='bbox 299 4048 528 4114; x_wconf 79' lang='lat' dir='ltr'><strong>concelebrarent,</strong></span> <span class='ocrx_word' id='word_1_338' title='bbox 547 4064 582 4099; x_wconf 92' lang='lat' dir='ltr'><strong>ne</strong></span> <span class='ocrx_word' id='word_1_339' title='bbox 597 4049 674 4115; x_wconf 81' lang='lat' dir='ltr'><strong>regio</strong></span> <span class='ocrx_word' id='word_1_340' title='bbox 690 4048 795 4115; x_wconf 86' lang='lat' dir='ltr'><strong>quidem</strong></span> <span class='ocrx_word' id='word_1_341' title='bbox 814 4047 884 4099; x_wconf 86' lang='lat' dir='ltr'><strong>solio</strong></span> <span class='ocrx_word' id='word_1_342' title='bbox 904 4062 933 4097; x_wconf 90' lang='lat' dir='ltr'><strong>se</strong></span> <span class='ocrx_word' id='word_1_343' title='bbox 952 4048 1078 4113; x_wconf 87' lang='lat' dir='ltr'><strong>traderet,</strong></span> <span class='ocrx_word' id='word_1_344' title='bbox 1097 4050 1144 4103; x_wconf 89' lang='lat' dir='ltr'><strong>s&#39;ed</strong></span> <span class='ocrx_word' id='word_1_345' title='bbox 1161 4066 1224 4101; x_wconf 88' lang='lat' dir='ltr'><strong>ere.</strong></span> 
     </span>
     <span class='ocr_line' id='line_1_41' title="bbox 125 4118 1225 4191; baseline -0.006 -17"><span class='ocrx_word' id='word_1_346' title='bbox 125 4130 185 4174; x_wconf 76' lang='lat' dir='ltr'><strong>eurr</strong></span> <span class='ocrx_word' id='word_1_347' title='bbox 202 4138 288 4190; x_wconf 76' lang='lat' dir='ltr'><strong>usque</strong></span> <span class='ocrx_word' id='word_1_348' title='bbox 306 4121 339 4173; x_wconf 79' lang='lat' dir='ltr'><strong><em>ad</em></strong></span> <span class='ocrx_word' id='word_1_349' title='bbox 357 4122 437 4172; x_wconf 76' lang='lat' dir='ltr'><strong>linear</strong></span> <span class='ocrx_word' id='word_1_350' title='bbox 465 4128 573 4185; x_wconf 86' lang='lat' dir='ltr'><strong>contus,</strong></span> <span class='ocrx_word' id='word_1_351' title='bbox 599 4119 645 4187; x_wconf 89' lang='lat' dir='ltr'><strong><em>qui</em></strong></span> <span class='ocrx_word' id='word_1_352' title='bbox 673 4120 705 4171; x_wconf 80' lang='lat' dir='ltr'><strong><em>ad</em></strong></span> <span class='ocrx_word' id='word_1_353' title='bbox 723 4120 827 4169; x_wconf 85' lang='lat' dir='ltr'><strong>tertiam</strong></span> <span class='ocrx_word' id='word_1_354' title='bbox 852 4118 943 4169; x_wconf 82' lang='lat' dir='ltr'><strong>boram</strong></span> <span class='ocrx_word' id='word_1_355' title='bbox 963 4118 1017 4170; x_wconf 85' lang='lat' dir='ltr'><strong>diei</strong></span> <span class='ocrx_word' id='word_1_356' title='bbox 1036 4119 1139 4187; x_wconf 77' lang='lat' dir='ltr'><strong>hymnis</strong></span> <span class='ocrx_word' id='word_1_357' title='bbox 1159 4138 1225 4191; x_wconf 81' lang='lat' dir='ltr'><strong>per.</strong></span> 
     </span>
     <span class='ocr_line' id='line_1_42' title="bbox 125 4189 1224 4261; baseline -0.003 -16"><span class='ocrx_word' id='word_1_358' title='bbox 125 4192 248 4261; x_wconf 73' lang='lat' dir='ltr'><strong>pulchris</strong></span> <span class='ocrx_word' id='word_1_359' title='bbox 267 4201 294 4244; x_wconf 87' lang='lat' dir='ltr'><strong><em>et</em></strong></span> <span class='ocrx_word' id='word_1_360' title='bbox 309 4191 442 4261; x_wconf 75' lang='lat' dir='ltr'><strong>engelicis</strong></span> <span class='ocrx_word' id='word_1_361' title='bbox 461 4192 579 4255; x_wconf 63' lang='grc' dir='ltr'><strong><em>(λιττεραε,</em></strong></span> <span class='ocrx_word' id='word_1_362' title='bbox 598 4191 649 4243; x_wconf 80' lang='lat' dir='ltr'><strong><em>loo</em></strong></span> <span class='ocrx_word' id='word_1_363' title='bbox 675 4206 770 4258; x_wconf 85' lang='lat' dir='ltr'><strong>preces</strong></span> <span class='ocrx_word' id='word_1_364' title='bbox 788 4189 954 4257; x_wconf 74' lang='lat' dir='ltr'><strong>absolvebat,</strong></span> <span class='ocrx_word' id='word_1_365' title='bbox 975 4196 1002 4241; x_wconf 90' lang='lat' dir='ltr'><strong><em>et</em></strong></span> <span class='ocrx_word' id='word_1_366' title='bbox 1021 4192 1055 4245; x_wconf 83' lang='lat' dir='ltr'><strong><em>ad</em></strong></span> <span class='ocrx_word' id='word_1_367' title='bbox 1072 4190 1148 4246; x_wconf 86' lang='lat' dir='ltr'><strong>illum</strong></span> <span class='ocrx_word' id='word_1_368' title='bbox 1167 4194 1224 4246; x_wconf 86' lang='lat' dir='ltr'><strong>erl.</strong></span> 
     </span>
    </p>
   </div>
   <div class='ocr_carea' id='block_1_5' title="bbox 0 0 1502 4825">
    <p class='ocr_par' dir='ltr' id='par_1_5' title="bbox 0 0 1502 4825">
     <span class='ocr_line' id='line_1_43' title="bbox 0 0 1502 4825; baseline 0 0"><span class='ocrx_word' id='word_1_369' title='bbox 0 0 1502 4825; x_wconf 95' lang='lat' dir='ltr'><strong><em> </em></strong></span> 
     </span>
    </p>
   </div>
  </div>
 </body>
</html>
