2967 4825
614 181 822 296 nuruum
1115 240 1124 248 ’
1182 186 1253 299 ita

156 377 275 471 λτῖν,“Ι
256 411 315 509 σση
336 387 419 452 κατὰ
436 391 591 455 Πισιδίαν
612 414 664 455 και
660 393 845 511 Ἰσαυρίαν
867 391 923 455 καί
918 389 1045 489 αδτην
1061 390 1258 473 Λυκαονίαν,

155 488 203 563 εἰς
225 483 324 573 anissis
345 512 380 553 τε
401 492 463 555 τών
477 488 702 577 Παφλαγόνων
725 516 778 555 και
791 469 983 577 Ὁνωριόδα,
1002 493 1057 557 καί
1076 489 1197 569 πάντας
1216 492 1259 583 τῷ
1336 570 1342 579 .

155 586 273 672 πλήθει
294 586 475 670 βιάσασθαι
496 591 689 675 γενέσθαιε
669 598 727 677 αφ’
749 585 883 673 ἑαυτόν,
913 582 981 657 εἶτα
1004 596 1059 659 καί
1086 593 1131 668 εἷς
1150 596 1257 659 Βιθυ-

156 692 229 755 νίαν
251 691 404 773 εἰσδῦναι,
426 691 482 757 καί
504 696 608 757 πᾶσαν
629 687 742 757 αδειαν
772 691 935 779 ἐμφράξαι
964 687 1066 769 ταῖς’
1052 720 1086 759 εκ
1107 696 1164 761 τοῦ
1188 692 1259 759 Bv'-

126 791 269 871 5ζαντος
292 787 490 878 στρατιώτας
514 796 583 858 κατ’
616 796 717 860 adacei
739 803 926 879 συναγεῖραι
949 799 1006 861 καί
1025 793 1162 879 πόλεμον
1183 798 1258 861 ἐατ-

154 901 263 978 γεῖραι
286 892 384 983 ταύτην
407 886 495 971 όξισν
517 892 611 979 λόγου
634 897 689 959 καί
709 896 908 981 πράγματος·
952 893 980 961 αἱ
1000 894 1061 982 γόρ
1083 898 1140 983 τῆς
1161 892 1256 963 ἔστί·
1289 953 1309 973 s

156 1018 217 1079 ρας
237 998 430 1080 στρατιώται
450 994 507 1080 τηύ
527 1000 598 1062 κατ’
619 997 720 1062 adrat
743 1000 947 1079 ἑξαμόσανττς
970 999 1118 1065 υἷαιστίαν
1140 997 1194 1065 διδ
1218 998 1253 1066 τό

155 1101 517 1183 προκατασφαλισθῆναι
547 1091 650 1180 όρκοις
684 1098 728 1182 μὴ
765 1092 802 1163 όν
830 1123 904 1163 ποτε
935 1103 1158 1186 συμφρονῆσαι
1191 1108 1255 1177 τοῖς

155 1200 228 1267 κατ’
250 1198 353 1264 αὐτοῦ
376 1200 621 1283 γενησομένοις.
649 1252 656 1270 .
682 1248 689 1265 .
740 1202 796 1264 νόν
819 1201 853 1263 δὲ
874 1199 919 1285 μη
954 1204 1056 1277 καλῶς
1076 1200 1256 1281 βουλευσώ·

108 1317 250 1381 toycam
272 1306 377 1373 κακαῖς
399 1300 544 1374 διιλὲτσις
571 1326 623 1364 και
654 1302 862 1385 περιωδώνσις
895 1326 1034 1386 περι..
1066 1301 1126 1389 ίρη
1155 1302 1257 1407 πρόγ-

154 1424 265 1482 μασιν.
291 1399 438 1483 ἐμβαλών
459 1427 528 1487 γαρ
544 1407 589 1479 είς
609 1401 744 1488 τὴντῶν
762 1406 903 1470 Κιλίκων
925 1403 1045 1525 χώραν,
1067 1382 1257 1472 δυσδιοδεό-
1267 1419 1350 1477 stoa
1362 1437 1386 1476 r.

117 1525 231 1577 τους
250 1501 441 1586 ατίλώναςν
421 1527 559 1587 εχυυσαν
574 1509 609 1572 εἰι
629 1508 691 1570 τών
706 1496 878 1590 Ταόρσυ’
852 1508 955 1589 apsis,
977 1502 1067 1587 ἔμενε
1085 1504 1164 1572 κατδ
1188 1504 1257 1591 χιό·

146 1596 217 1687 Ιραν
237 1595 343 1688 ώστιερ
366 1600 483 1670 ἑαυτόν
505 1606 707 1691 ἐγκαθείρξας
719 1608 785 1671 εἰεί
798 1613 841 1694 τῷ
852 1608 958 1689 μένειν
971 1607 1131 1693 αἰιρόιτον,
1147 1600 1257 1673 ddum

72 1778 83 1787 ι
155 1707 193 1769 δὲ
214 1714 278 1782 ταῖς
302 1706 577 1791 α’ντιτεταγμὲνσις
599 1713 761 1793 παρέσχεν
781 1710 881 1784 α’δεαῑς
905 1708 1098 1794 στρατιώτας
1119 1708 1258 1801 ἀγείρειν

108 1810 212 1879 15ααί
231 1805 284 1872 τόν
308 1805 476 1925 πολεμικόν
502 1816 664 1877 ποιεῖσθαι
696 1808 880 1894 κατάλογον.
937 1813 1136 1897 ἐκπεμφθείς
1154 1807 1215 1894 γόρ
1238 1809 1255 1871 δ

154 1910 261 1992 ἕτερος
280 1933 344 1972 των
365 1906 459 1974 υιὲοαν
482 1916 542 1976 τοῦ
560 1914 727 1995 Καίσαρος
753 1912 952 1996 Ἀνδρόνικος
986 1908 1254 2032 αρωτοιιρόεδρος,

154 2036 208 2075 και
205 2014 421 2096 αρσβληθείς
443 2014 686 2132 δομίστικος
646 2038 702 2100 της
724 2014 929 2097 ἀνατολῆς,
914 2039 948 2079 εν
970 2015 1156 2101 παρασκευῇ
1174 2011 1255 2078 πάν·

154 2137 214 2189 τας
243 2111 320 2190 τσός·
351 2112 546 2199 στρατιώτας
566 2119 735 2201 νιενιοί,ηκε
767 2118 930 2200 σιτηρέσιον
959 2117 1124 2195 διανείμας
1147 2114 1257 2193 adroic

154 2239 209 2278 και
232 2212 311 2279 κατὰ
342 2213 460 2300 μικρόν
492 2241 635 2293 αααντας
667 2213 995 2299 αρυσικειωσσίμενος,
1025 2221 1256 2299 συναιρομίνυυ

105 2316 215 2389 20τοῦ
236 2316 427 2399 Κρισαίνου.
471 2320 525 2381 καί
542 2313 641 2393 οὕτως
659 2316 739 2400 μετσὶ
768 2314 802 2380 τό
825 2320 979 2401 συστῆσαι
1000 2316 1058 2401 την
1080 2312 1156 2401 ὅλην
1177 2318 1257 2381 στίν-

154 2423 244 2496 ταξιν
264 2423 325 2483 τών
346 2417 512 2500 δυνάμεων
534 2417 645 2508 προῄει
673 2417 756 2484 κακοὶ
780 2421 835 2484 τοῦ
857 2421 1028 2502 Διογένους
1051 2419 1094 2494 ώς
1112 2421 1167 2502 τῆς
1190 2423 1256 2484 Κι-

154 2517 251 2584 λίκων
274 2517 513 2605 διαβησόμενος,
533 2524 588 2585 καί
612 2518 670 2604 τὴν
690 2521 817 2605 συνήθη
840 2525 1027 2606 κλεισσῦραν
1048 2519 1105 2604 τὴν
1126 2523 1182 2586 τοῦ
1200 2525 1254 2585 λε-

152 2624 288 2707 γομένου
312 2622 496 2689 καταλιπών
520 2624 691 2689 notasset
713 2621 766 2688 διώ
782 2629 836 2708 τῆς
855 2625 916 2689 τών
936 2620 1088 2709 ’ίσαόραν
1106 2625 1153 2699 εἰς
1174 2617 1255 2688 τοιό-

139 2800 143 2804 *
228 2783 254 2838 5.
275 2763 460 2857 στρατιώταις
472 2766 508 2840 ’0.

156 2965 217 3001 cam
235 2958 309 3003 tanta
326 2949 494 3003 multitudine
514 2951 543 3002 in
563 2948 722 3003 Graecorum
741 2958 838 3002 terram
856 2950 987 3014 incidere,
1009 2951 1079 3018 quod
1097 2951 1192 3004 attinet
1210 2950 1256 3004 Pi.

154 3022 252 3075 sidiam
265 3030 293 3074 et
308 3021 435 3074 Isauriam
454 3031 481 3073 et
494 3023 654 3088 Lycaoniam
673 3032 699 3074 et
710 3021 919 3090 Paphlagoniam
940 3029 966 3072 et
977 3019 1134 3074 Ouariadcm
1148 3039 1256 3076 omncs-

156 3109 212 3162 que
231 3093 403 3146 multitudine
427 3093 478 3145 sibi
497 3093 646 3158 subiicere,
666 3094 761 3146 deinde
782 3094 859 3145 etiam
884 3094 912 3143 in
929 3092 1083 3159 Bithyniam
1103 3095 1207 3162 ingredi
1228 3100 1255 3145 et
1347 3083 1352 3101 '

77 3196 86 3203 κ
156 3179 262 3216 omnem
292 3166 460 3218 occasionem
487 3166 626 3218 obstruere
654 3165 783 3217 militibus
811 3159 965 3230 Byzantiis,
997 3165 1137 3232 quominus
1163 3171 1257 3216 contra

157 3253 218 3288 cum
237 3252 303 3305 opes
322 3245 452 3306 cogerent
475 3245 502 3288 et
520 3237 621 3290 bellum
639 3246 779 3290 moverent
809 3237 870 3287 huic
896 3237 1003 3319 dignum
1023 3235 1106 3287 verbo
1127 3244 1154 3287 et
1174 3236 1255 3288 facto

157 3307 340 3361 occidentales
362 3310 431 3359 enim
448 3308 548 3361 milites
567 3309 772 3361 infidelitatem
765 3323 792 3359 m
807 3324 865 3360 cum
886 3307 1066 3370 eiuraverant,
1086 3323 1145 3359 cum
1165 3315 1255 3360 essent

156 3389 235 3433 antea
255 3381 425 3431 iureiurando
443 3380 564 3434 obstricti
583 3397 612 3432 se
631 3396 764 3449 nunquam
784 3381 982 3446 conspiraturos
1009 3394 1067 3430 cum
1092 3380 1149 3431 eius
1169 3378 1256 3431 hosti.

158 3453 224 3516 hus;
243 3459 298 3503 tum
316 3461 403 3504 autem
421 3467 476 3503 nou
494 3453 565 3505 bene
583 3453 634 3504 sibi
663 3451 816 3536 consulens,
835 3450 911 3502 malis
930 3449 1084 3518 ingentibus
1105 3457 1132 3503 et
1150 3450 1254 3503 miseris

110 3518 114 3525 ’
158 3524 334 3577 circumtusus
353 3531 394 3578 cst
411 3525 500 3576 rebus.
538 3525 675 3592 ingressus
695 3525 764 3575 enim
791 3524 819 3574 in
839 3521 951 3576 Cilicum
968 3531 1067 3574 terram
1086 3523 1173 3575 invias
1194 3521 1256 3589 val-

156 3597 199 3649 les
215 3597 342 3646 montium
357 3596 434 3647 'lauri
462 3595 621 3660 habentem,
643 3595 739 3647 mansit
763 3596 790 3647 in
808 3592 870 3646 loco
890 3595 965 3662 quasi
994 3611 1025 3646 se
1044 3595 1155 3663 cingens
1172 3603 1201 3646 ut
1219 3583 1256 3645 ibi

145 3676 328 3721 remaneret.
365 3670 533 3720 occasionem
566 3674 653 3718 autem
685 3667 806 3719 hostibus
840 3665 963 3734 praebuit
1000 3675 1057 3718 tuto
1084 3665 1183 3718 milites
1207 3680 1257 3716 co-

157 3740 237 3809 gendi
268 3746 295 3788 et
318 3738 446 3790 bellicum
474 3741 614 3793 instituere
641 3738 783 3790 delectum.
826 3739 921 3790 missus
951 3739 1020 3788 enim
1051 3736 1119 3789 alter
1142 3736 1256 3791 filiorum

158 3811 303 3873 Caesaris,
343 3811 511 3863 Andronicus
549 3825 659 3878 praeses
701 3812 801 3876 primus
840 3817 867 3860 et
905 3809 1059 3877 designatus
1094 3809 1257 3861 domesticus

158 3883 290 3946 orientis,
309 3891 437 3953 apparatu
456 3884 591 3950 praeditos
618 3897 709 3932 omnes
727 3880 827 3932 milites
845 3879 975 3944 reddidit,
1005 3881 1161 3947 stipendia
1154 3881 1187 3931 ris
1206 3880 1257 3932 tri.

156 3954 242 4007 bnens
268 3961 295 4003 et
322 3953 398 4006 brevi
426 3969 518 4005 omnes
541 3953 592 4006 sibi
619 3952 766 4006 concilians
794 3952 937 4015 adiuvante
965 3965 1023 4001 eum
1044 3951 1175 4019 Crispino.
1214 3961 1256 4003 at-

157 4043 237 4098 que
238 4027 275 4077 ita
299 4034 460 4096 postquam
454 4027 543 4076 totum
570 4027 689 4078 ordinem
717 4024 882 4078 exercituum
910 4023 1078 4090 composuit,
1098 4038 1257 4092 progressus

157 4107 199 4151 est
217 4105 310 4149 contra
335 4098 499 4182 Angustum,
527 4097 640 4151 Cilicum
666 4107 762 4150 terram
796 4097 953 4147 invasurus:
986 4102 1013 4145 et
1040 4097 1175 4149 consuetis
1202 4095 1257 4147 Po-

156 4170 229 4225 danti
261 4167 325 4222 dicti
353 4171 484 4238 angustiis
517 4168 620 4222 relictis
652 4186 700 4237 per
732 4168 859 4223 isauriam
887 4166 915 4219 in
949 4165 1017 4220 hauc
1049 4168 1162 4234 incidit,
1197 4181 1255 4218 cum
