2967 4825
273 224 354 315 'tol
474 207 479 219 “
569 198 788 313 arcannm
814 204 1075 329 murman

277 422 427 504 βλαβειόις
447 412 642 496 άπάδιιγμας
673 404 750 477 ὅθεν
777 416 832 478 καί
850 411 1030 492 θαυμάζειν
1055 430 1113 491 μοι
1135 404 1238 477 ἔπεισι
1261 407 1329 482 πιδς
1350 404 1380 475 οδ

274 516 441 603 Ῥωμαίων
460 518 604 597 βασιλεῖς
625 510 697 587 τοδς
720 511 843 587 εἰδότας
865 510 989 595 ἔχοντες
1012 510 1135 575 πολλῶν
1155 506 1305 594 ἶστοριοῖν
1327 506 1382 575 καί

277 621 423 705 πράξεων
443 613 624 698 εἰιιγνάσεις
645 615 701 679 καί
719 610 822 696 τάχας
840 611 991 699 λαμπράς
1010 614 1065 693 καί
1083 612 1234 687 ταπεινάς
1252 612 1382 693 pavant·-
1469 682 1470 689 η

278 746 336 798 νοις
356 719 389 799 ἐξ
412 721 521 786 αἰτιῶν
553 714 845 802 προφανεστάτων,
861 706 914 780 *aiv
942 717 1002 796 μὲν
1023 716 1057 778 ἐκ
1078 714 1170 779 θείου
1193 712 1294 796 χόλου
1316 719 1382 786 τοῖς

279 823 554 906 ἁμαρτανομένοις
576 818 726 904 σφοδράς
742 814 1013 898 ἐπαναπτομίνου,
1036 806 1081 885 οἷν
1102 816 1137 879 δὲ
1159 812 1219 879 άπδ
1243 814 1405 897 βουλον-5

277 922 389 1006 μάτων
411 925 572 1005 γλίσχρων
595 921 650 981 καιΙ
671 918 809 999 α’γεννῶν
840 917 896 983 καί
915 911 1076 983 άνσικείων
1098 925 1164 992 τοῖς
1187 912 1381 1000 πράγμασιν,

278 1025 395 1090 ου’δίνα
416 1019 508 1105 λόγον
524 1018 629 1086 αδτοδν
642 1018 839 1103 πεποίηνται,
862 1020 934 1085 οόδ’
956 1019 1082 1097 άξιοῦσι
1103 1017 1160 1093 τοὶς
1174 1018 1276 1091 αιίίας
1298 1042 1382 1097 μαν-

276 1122 388 1189 θάνειν
412 1127 445 1200 ἐξ
464 1112 509 1186 ὧν
528 1120 568 1185 τά
592 1123 725 1185 τοιαῦτα
754 1117 987 1205 δυστυχήματα
1020 1121 1060 1203 τῇ
1078 1119 1244 1200 Ῥωμαίων
1266 1118 1382 1203 ἧγεμο-
1470 1188 1471 1195 1

276 1232 329 1315 νίρ
342 1228 600 1309 προσπίπτουσιν·
617 1224 684 1287 άλλ’
698 1218 759 1317 ἔξω
773 1226 875 1308 πάσης
892 1224 1009 1306 βουλῆς
1028 1223 1201 1308 θεοφιλοῦς
1215 1224 1269 1287 καί
1282 1224 1385 1304 θερα-

276 1329 370 1401 ποιάς
398 1327 455 1391 τοῦ
477 1327 567 1389 θείου
593 1322 648 1389 καί
673 1327 731 1409 τῆς
758 1329 821 1389 τῶν
843 1324 986 1405 πατρίσιν
1008 1321 1113 1404 νόμων
1134 1322 1383 1405 ἐπανορθώσεως
1392 1336 1422 1389 10

277 1427 514 1509 καθιστάμενοι,
528 1425 674 1507 άβοάλως
689 1430 746 1491 καί
760 1426 921 1508 προπετῶς
934 1427 978 1499 εἰς
991 1424 1149 1506 πολέμους
1160 1420 1318 1507 μεγάλους
1331 1424 1385 1491 καί

278 1525 452 1607 κινδύνους,
473 1527 519 1609 μη
541 1528 692 1611 πρότερον
715 1526 769 1591 τὸν
783 1526 860 1591 θεάν
884 1524 1105 1607 ἱλεοισάμενοι,
1129 1523 1186 1603 τάς
1202 1524 1385 1605 Ῥωμαϊκὰς

278 1626 430 1710 δυνάμεις
452 1624 625 1711 εἰσάγουσι,
649 1631 704 1693 καί
723 1629 898 1712 πάσχοντες
913 1634 1015 1702 κακῶς
1030 1626 1086 1692 καί
1101 1622 1274 1711 ἡττώμενοι
1299 1627 1384 1711 άπη-

182 1802 185 1806 ?
278 1729 340 1802 νῶς
363 1725 513 1813 αἴσθησιν
534 1730 575 1791 ου’
595 1728 796 1810 λαμβάνουσι
814 1729 868 1813 τῆς
889 1732 922 1794 ἐκ
937 1732 996 1794 sori
1017 1730 1109 1793 θειόυ
1122 1730 1295 1808 νεμέσεωςι
1313 1726 1380 1791 ἄλλ’

278 1826 309 1894 οἱ
331 1828 432 1894 πάλαι
448 1826 602 1911 Ῥωμαῖοι
626 1830 687 1914 οάχ
712 1826 797 1897 οὕτω
819 1833 1001 1911 ποιοῦντες,
1020 1830 1077 1906 τάς
1098 1826 1239 1915 φοβεράς
1261 1832 1382 1905 ε’κείνος
1393 1838 1422 1891 15

277 1935 333 1997 κοί
354 1932 464 2014 μάχας
495 1931 548 1995 καί
579 1937 771 2018 στρατηγίας
798 1932 1000 2017 κατώρθουν,
1030 1927 1110 1997 άλλά
1133 1932 1244 2015 καίπερ
1269 1932 1327 2015 την
1349 1934 1384 1997 ἐκ
1466 1951 1471 1965 ·

277 2036 336 2096 τοῦ
357 2035 436 2095 θεοῦ
458 2028 553 2114 λόγου
569 2034 625 2097 καί
644 2035 698 2115 τῆς
720 2036 755 2097 εἰι
777 2038 833 2118 τῆς
854 2032 995 2118 άρράτου
1016 2031 1071 2097 καί
1088 2031 1276 2119 ὑπερφυοῦς
1302 2054 1385 2115 σαρ-

277 2132 405 2208 ιιιδσεως
428 2133 529 2198 αδτοιῖ
549 2136 604 2198 καί
624 2132 702 2199 κατά
725 2129 814 2210 τάνδε
835 2133 888 2202 τὸν
904 2134 1023 2218 κόσμον
1044 2137 1310 2219 συναναστροφῆς
1330 2156 1385 2201 νο-

278 2239 436 2316 μοθεσίαν
455 2237 566 2319 μηκέτι
595 2236 743 2317 λαβόντες
768 2239 821 2301 ε’πί
840 2234 875 2301 τὸ
900 2240 1004 2313 σέβειν
1035 2236 1074 2302 τά
1099 2242 1172 2303 θεῖα
1195 2237 1252 2301 καί
1271 2234 1385 2319 άρετῆς
1472 2274 1473 2279 1

280 2337 517 2432 ἀντιποιεῖσθαι
532 2340 586 2401 καί
607 2334 681 2411 τοδς
703 2342 758 2420 τῆς
777 2339 988 2424 α’γαθσεργίιις
1010 2340 1125 2422 νόμους
1149 2338 1205 2401 καί
1218 2330 1425 2422 εδοεβειίιςλλλ

279 2437 336 2503 καί
355 2435 573 2522 καθαρότητος
602 2434 750 2519 δκθάμως
781 2449 905 2526 τηρεῖν,
940 2437 1027 2522 ὅμως
1047 2445 1084 2527 τῇ
1105 2442 1226 2528 φυσικῇ
1247 2445 1386 2520 μεγαλο-

264 2539 426 2626 ιφροσάνη
448 2539 527 2623 πρὸς
549 2540 607 2616 τάς
630 2542 748 2606 τούτων
781 2541 1021 2626 παρατηρήσεις
1050 2543 1208 2624 νουνεχάς
1230 2538 1386 2606 ε’παιδεά-

281 2662 363 2721 σντο,
383 2640 438 2705 καί
459 2639 547 2726 εἴπερ
570 2645 644 2717 ποτὲ
664 2646 781 2728 συνέβη
803 2643 964 2733 15mequ
986 2643 1047 2711 εἴτε
1062 2640 1152 2730 ἥττης
1175 2642 1386 2729 δυσκλήρημα

353 2824 397 2878 18.
415 2830 593 2899 νομοθεσίας
608 2793 657 2883 (ia¹

283 3007 402 3061 habeant
422 3023 478 3076 eos,
498 3009 545 3078 qui
565 3010 681 3064 calleant
701 3013 882 3086 cognitionem
901 3014 1040 3070 multarum
1065 3016 1234 3072 historiarum
1251 3025 1278 3070 ct
1296 3035 1385 3072 rerum

285 3089 313 3133 et
331 3080 451 3133 lortunas
471 3081 624 3150 splendidas
644 3091 670 3135 et
692 3084 818 3150 humiles,
840 3095 911 3140 ortas
934 3091 1021 3142 causis
1039 3090 1263 3144 manifestissimis
1291 3094 1386 3160 partim

281 3154 323 3205 ira
342 3154 434 3205 divina
452 3156 571 3220 peccatis
592 3154 768 3210 vehementer
785 3159 873 3216 addita
892 3162 986 3227 partim
1013 3161 1132 3215 consiliis
1156 3164 1265 3215 minut-is
1298 3173 1324 3214 et
1342 3165 1387 3232 ig-

281 3223 419 3278 nobilibus
439 3234 465 3276 et
484 3227 516 3278 ad
535 3243 578 3277 res
596 3242 650 3280 non
670 3231 749 3295 aptis,
771 3229 870 3282 nnllam
898 3233 1028 3284 rationem
1047 3249 1137 3286 eorum
1163 3233 1306 3288 habuerint
1335 3253 1386 3288 ue-

232 3352 235 3358 ,
285 3313 337 3366 que
357 3298 481 3349 studeant
500 3315 594 3351 causas
614 3315 792 3367 cognoscere,
813 3301 907 3370 quibus
928 3302 993 3358 talia
1010 3305 1079 3358 mala
1101 3307 1261 3360 Graecorum
1272 3309 1385 3374 imperio

282 3369 414 3434 accidant,
432 3369 480 3422 sed
500 3379 574 3422 entra
595 3386 673 3423 omne
692 3372 833 3426 consilium
853 3375 903 3426 deo
923 3386 1062 3444 acceptum
1082 3386 1108 3429 et
1140 3379 1241 3431 cultum
1270 3379 1386 3431 numinis

282 3441 367 3492 (livini
390 3448 417 3491 et
435 3443 634 3494 restitutionem
654 3442 745 3511 legum
776 3445 918 3513 patriarum
947 3451 1059 3514 versati,
1084 3450 1267 3517 imprudenter
1298 3459 1325 3503 ct
1343 3453 1386 3502 lu-

281 3513 385 3563 cantius
407 3513 433 3563 in
450 3512 525 3564 bella
544 3529 642 3583 magna·
659 3523 685 3567 et
705 3517 836 3584 pericula,
856 3534 910 3570 non
929 3528 1007 3572 antea
1035 3521 1084 3573 deo
1114 3523 1241 3591 placato,
1270 3523 1386 3576 Graecos

281 3583 416 3635 exercitus
439 3585 536 3636 ducant
555 3592 582 3635 et
600 3586 669 3637 male
688 3588 777 3639 allecti
797 3598 824 3641 et
841 3590 907 3641 victi
927 3591 1082 3659 crudeliter,
1101 3609 1154 3645 non
1174 3595 1387 3648 animadvertant

279 3655 397 3706 divinam
418 3653 556 3707 ultionem.
595 3659 641 3708 scd
656 3658 736 3724 prisci
756 3659 868 3713 Romani
886 3676 940 3714 nou
960 3665 999 3716 sic
1013 3675 1136 3734 agentes,
1163 3665 1300 3719 terribiles
1324 3666 1386 3718 illas

282 3731 311 3774 et
330 3739 433 3792 pugnas
450 3735 480 3782 ‚et
499 3725 684 3794 expeditiones
711 3728 828 3785 feliciter
853 3734 991 3802 agebant:
1010 3745 1037 3788 at
1082 3754 1220 3808 numquam
1248 3738 1325 3790 verbi
1344 3739 1387 3790 (li-

282 3794 352 3858 vini,
371 3797 484 3861 mystico
504 3805 530 3847 et
549 3813 628 3865 supra
645 3810 764 3853 naturam
784 3805 860 3856 modo
879 3805 1008 3859 incarnati
1030 3817 1055 3860 et
1072 3826 1099 3861 m
1126 3809 1178 3861 hoc
1201 3811 1299 3862 mundo
1321 3826 1387 3864 ver-

287 3865 339 3918 sati
357 3864 445 3934 legem
464 3883 519 3920 non
538 3880 699 3937 acceperant
717 3875 749 3928 ad
767 3873 880 3930 colenda
899 3879 990 3931 divina
1011 3888 1038 3932 et
1054 3883 1180 3934 virtutem
1200 3883 1343 3950 petendam
1362 3889 1389 3934 et

286 3935 364 4006 leges
384 3939 591 3995 beneficientiae
610 3951 637 3995 et
655 3946 771 4012 pietatis*
783 3954 810 3998 et
828 3949 990 4018 integritatis
1008 3954 1126 4006 studiose
1145 3953 1389 4022 observandaa,ta-

282 4023 345 4060 men
368 4012 484 4065 naturali
503 4017 721 4083 magnanimitate
739 4019 773 4072 acl
794 4019 885 4072 harum
904 4037 993 4076 rerum
1012 4023 1226 4078 observationem
1245 4029 1391 4096 prudenter

285 4081 466 4136 educabantur
489 4095 569 4156 atque
591 4089 738 4159 siquando
770 4092 868 4144 accidit
894 4087 995 4146 Romae
1019 4099 1078 4150 sive
1107 4098 1190 4152 eladis
1217 4099 1392 4153 iulortunium

286 4152 348 4212 siue
366 4161 397 4205 ut
414 4157 518 4224 signum
536 4174 591 4212 nou
613 4161 729 4216 faustum
752 4173 903 4234 appareret,
921 4166 1030 4220 multam
1051 4170 1227 4226 instituebant
1237 4175 1392 4247 interroga·
