2967 4825
266 230 343 313 ort
557 225 781 302 moninus
795 165 1069 297 λττλιιοτλο
1138 172 1172 335 Ἰ

267 404 446 490 ἐπιφοράς,
469 413 523 461 και
517 396 691 476 πολέμων
721 387 928 473 πανταχόθεν
957 384 1253 470 α’καρριπιζομδκων
1284 402 1371 467 σφο-

268 506 374 588 δρῶς,
395 499 564 582 εύθαρσῶς
591 497 644 560 και
670 496 820 578 γευναιως
841 490 1032 555 α’νθισταται
1052 485 1176 561 τούτοις
1197 479 1296 559 αύτὸς
1317 478 1375 546 καί
1470 492 1471 573 η

268 604 494 702 άνθοπλίζεται
523 600 699 682 κραταιῶς,
736 593 798 675 ούχ
825 585 933 665 ὅπλοις
971 588 1025 652 καί
1056 584 1172 705 πλήθει
1193 572 1374 671 ’θαρρήσας
1470 592 1472 737 η

268 703 470 790 στρατιωτῶν
482 693 589 787 (ἦσαν
617 696 678 782 γάρ
708 693 1034 780 προκατειργασμένον
1062 685 1173 763 πάντες
1196 682 1251 751 καί
1272 708 1376 751 κατα-

268 806 407 891 βεβλημύ
409 827 455 868 νοι
485 809 556 876 ταῖς
580 801 747 881 συνεχέσιν
782 795 969 876 ἐπιδρομαῖς
997 814 1050 856 και
1070 795 1212 875 σφαγαῖς
1240 810 1294 851 και
1313 778 1402 869 ήτ-ῑ)
1381 748 1473 891 τιή

267 929 361 996 ταις,
392 906 426 970 οἳ
451 905 486 967 δὲ
520 903 575 965 καί
598 900 735 973 δεδιότες
766 892 814 960 ἔτι
836 894 890 958 καί
916 893 1018 980 ταύτην
1049 886 1093 973 μή
1116 884 1374 973 συνερχόμενοι),
1473 918 1474 1001 η

268 1003 351 1071 otto
372 1028 415 1092 τογ
401 1000 513 1121 θείρι
534 1004 642 1066 σθένει
659 1002 767 1063 πᾶσαν
798 996 929 1070 άνοθείς
948 991 1004 1078 τήν
1032 992 1158 1072 ἐλπίδα,
1181 991 1236 1053 καί
1256 1012 1299 1077 τρι
1287 989 1377 1051 δι-
1473 1004 1474 1035 t

268 1103 348 1191 κοίῳ
370 1103 452 1191 ζήλῳ
473 1104 530 1185 τήν
550 1099 659 1177 δεξιάν
678 1096 822 1181 ὁπλίσας,
845 1093 922 1160 κατά
939 1095 1050 1161 πασῶν
1071 1092 1135 1158 τῶν
1150 1093 1377 1172 α’ντικειμένων

269 1202 436 1287 δυνάμεων
466 1199 720 1325 παρρησιάζεται
751 1222 809 1282 την
840 1192 994 1280 α’λήθειαν
1024 1198 1078 1259 καί
1099 1199 1167 1259 κατ’
1190 1192 1294 1255 αύτού
1314 1193 1378 1255 τού
1474 1190 1475 1195 ’

133 1307 473 1391 λλλθτκρατούντος,
504 1304 568 1383 ούχ
598 1300 642 1376 ῶς
668 1300 842 1382 βασιλικῶς
861 1299 1083 1381 διαγινομένου
1117 1290 1190 1377 περὶ
1210 1288 1247 1356 τά
1269 1282 1378 1375 πράγ-
1357 1304 1421 1358 -10

268 1430 367 1489 ματα,
389 1401 505 1469 ἀλλ”
480 1428 523 1480 ως
543 1402 736 1486 τυραννικῶς
750 1423 803 1465 και
798 1394 970 1479 ἀθέσμους
987 1421 1042 1461 και
1056 1389 1263 1482 ἀπρονοήτως
1287 1415 1378 1474 χρω-
1476 1409 1477 1497 η

191 1519 201 1529 “
268 1510 367 1591 μένου
388 1532 426 1593 τῃ
411 1502 603 1588 διοικήσει
622 1505 685 1567 τῶν
706 1496 799 1582 iton,
819 1524 873 1564 και
896 1502 940 1574 εἷς
960 1496 1056 1563 κακδν
1069 1494 1247 1580 βάραθρον
1268 1516 1379 1558 συνω-

270 1611 406 1681 θούντος
426 1602 501 1681 τούς
523 1602 684 1679 Λύσύνας.
728 1600 799 1666 ἐπεί
820 1599 890 1685 γάρ
904 1596 1039 1685 γράφων
1060 1596 1094 1663 τύ
1118 1598 1189 1661 δέον
1212 1590 1376 1671 πολλάκις,

270 1730 325 1771 και
347 1702 577 1788 συμβουλεύων
599 1726 642 1790 την
628 1702 789 1784 βασιλεῖ
802 1705 994 1784 μεταβαλεῖν
1007 1697 1087 1783 πρὸς
1108 1694 1143 1761 τὸ
1164 1698 1298 1779 βέλτιον,
1321 1695 1379 1758 καί

271 1804 474 1891 δικαιοσύνης
496 1800 601 1879 ὅπλοις
623 1806 677 1869 καί
700 1810 940 1888 στρατιωτικοῖς
961 1796 1175 1886 μηχανήμασι
1198 1798 1253 1863 καί
1274 1795 1379 1880 δορά-
1390 1811 1424 1867 15
1478 1826 1479 1829 ’

271 1930 344 1973 των
366 1904 571 1992 προβλήμασι
598 1906 897 1989 καταστρατηγῆσαι
925 1904 988 1968 τῶν
1016 1903 1184 1981 ἐναντίων,
1213 1900 1254 1961 ού
1278 1892 1379 1979 μόνον

272 2005 330 2071 ούκ
345 2000 419 2088 ἐἶχε
438 2007 550 2071 τούτου
571 2002 827 2089 καταπειθήκαί
850 2001 1012 2084 ὁμόδοξον,
1036 2001 1114 2067 ἀλλὰ
1132 2001 1195 2065 καί
1213 1997 1380 2080 δυσμενῶς

271 2106 352 2191 αρύς
375 2104 475 2171 αύτύν
497 2106 695 2187 διακείμενον
713 2108 769 2171 καί
785 2108 943 2186 μισούντα
969 2107 1078 2169 τούτου
1100 2101 1154 2168 διά
1176 2096 1233 2184 τήν
1254 2098 1383 2183 εύσχή-

271 2228 356 2288 μονα
377 2207 576 2290 συμβουλήν,
590 2204 688 2281 αύτδς
703 2202 778 2283 τούς
799 2207 1004 2288 τηλικούτους
1018 2205 1141 2327 άγῶνας
1162 2203 1216 2265 καί
1233 2196 1273 2265 τά
1296 2194 1380 2264 κατά

222 2365 243 2399 ·.
273 2312 353 2373 τῶν
359 2304 549 2393 άλλοφύλων
574 2306 783 2388 παλαίσματα
810 2304 865 2371 καί
884 2302 942 2389 τήν
978 2306 1058 2389 ύπὲρ
1082 2307 1145 2369 τῶν
1164 2302 1482 2385 Xpsorsnvorspp

246 2403 252 2409 ’
275 2410 432 2498 φροντίδα
452 2409 551 2489 μόνος
571 2404 750 2495 ύπέρχεταί
766 2432 798 2474 τε
821 2435 873 2475 και
869 2406 1081 2490 α’ναδύεται,
1103 2430 1157 2471 και
1152 2403 1276 2487 μέσον
1294 2404 1380 2469 θεοῦ

273 2510 330 2576 καί
350 2509 530 2596 άνθρῶπων
558 2509 617 2594 τήν
640 2506 765 2593 αγαθήν
785 2513 970 2594 προαιρεσιν
992 2533 1044 2573 και
1074 2485 1130 2574 τάν
1149 2503 1381 2593 εμφωλεύοντα

274 2612 375 2698 ταύτην
403 2608 518 2676 σκοπύν
551 2613 668 2695 ευόεβή
688 2603 998 2698 προβαλλόμενος
975 2633 1113 2696 αρχοται
1130 2610 1196 2675 τού
1217 2607 1281 2672 τῶν
1296 2602 1383 2672 ‘Pa-

276 2866 413 2916 etiamtum
438 2861 568 2933 flagrante
597 2864 697 2931 impetn
722 2868 750 2914 et
777 2863 897 2916 hostibus
929 2863 1106 2932 undecunque
1136 2860 1216 2916 raldo
1245 2859 1382 2926 excitatis,
1478 2913 1483 2936 Ι

276 2935 384 2992 fortiter
413 2942 441 2986 et
463 2942 598 3004 generose
623 2934 723 2988 resistit
747 2933 788 2987 bis
806 2935 880 3002 ipse,
904 2941 931 2986 et
958 2941 1042 2986 armat
1066 2949 1098 2986 se
1115 2940 1241 3002 potenter
1258 2945 1313 2984 non
1332 2945 1383 2984 sr-

275 3007 326 3059 mis
344 3013 372 3056 et
387 3005 557 3059 multitudine
581 3007 665 3059 fretus
689 3005 803 3058 militum
828 3009 919 3074 (erant
946 3006 1016 3058 enim
1040 3013 1118 3058 antea
1143 3004 1261 3056 coniecti
1286 3018 1383 3056 omues

276 3085 305 3130 et
322 3078 421 3128 deiecti
449 3079 581 3131 continuis
611 3077 808 3132 incursionibus
838 3084 865 3128 et
892 3075 1017 3132 enodibus
1043 3085 1069 3128 et
1093 3076 1232 3132 cladibus·
1259 3074 1309 3128 alii
1328 3091 1384 3127 au.

274 3158 329 3202 tem
355 3150 490 3200 etiamtum
520 3152 548 3201 in
575 3151 672 3201 timore
703 3156 778 3204 erant
808 3163 897 3217 neque
930 3163 989 3200 cum
1018 3148 1071 3199 hoo
1101 3163 1151 3202 se
1165 3147 1380 3216 coniungebant)

275 3221 324 3274 sod
343 3220 376 3271 ad
394 3209 524 3274 divinam
529 3222 675 3288 potentium
695 3221 817 3273 referens
844 3235 948 3272 ornnem
973 3235 1047 3302 spem
1069 3228 1095 3272 et
1120 3221 1190 3272 iusto
1209 3221 1296 3271 studio
1315 3219 1382 3271 fidei

275 3293 394 3345 dextram
421 3307 524 3344 armans
549 3300 644 3360 ,eontra
673 3307 765 3344 omnes
792 3292 929 3360 oppositas
956 3292 1028 3360 vires
1047 3290 1134 3344 libere
1153 3291 1217 3346 dicit
1236 3291 1382 3345 veritatem

276 3364 356 3415 etiam
376 3371 468 3420 contra
487 3364 572 3430 ipsum
588 3349 785 3430 imperatorem,
805 3365 904 3447 quippe
924 3364 969 3432 qui
987 3377 1041 3414 non
1058 3364 1130 3431 regis
1149 3363 1232 3416 instar
1251 3363 1279 3414 in
1296 3359 1382 3414 rebus

275 3442 398 3488 versatus
418 3441 490 3486 esset
508 3435 555 3486 sed
573 3435 680 3500 tyranni
697 3449 771 3490 more
786 3442 813 3486 et
830 3435 930 3487 iniuste
949 3441 976 3486 et
983 3434 1174 3517 imprudenter
1188 3440 1310 3486 uteretur
1329 3433 1382 3486 ad-

275 3506 471 3557 ministratione
490 3507 572 3556 totius
591 3505 708 3557 civitatis
728 3513 755 3558 et
778 3507 806 3557 in
824 3504 919 3556 malam
950 3507 1106 3575 voraginem
1125 3503 1303 3572 compelleret
1319 3505 1382 3557 Au.

275 3590 365 3629 sones.
404 3592 462 3628 cum
481 3578 550 3628 euim
579 3575 697 3629 scribens
723 3578 903 3629 necessarium
926 3579 1060 3643 saepe'et
1078 3577 1191 3630 suadens
1209 3577 1279 3646 regi,
1298 3583 1330 3626 ut
1348 3575 1383 3627 ad

275 3646 373 3698 melias
395 3662 424 3699 se
446 3653 579 3711 verteret,
600 3655 627 3697 et
645 3647 763 3698 iustitiae
783 3648 861 3699 armis
883 3655 909 3699 et
935 3647 1093 3700 militaribus
1119 3647 1220 3702 artibus
1240 3655 1266 3699 et
1285 3646 1383 3700 hastu-

274 3731 333 3767 rnm
351 3717 486 3780 praesidio
512 3716 662 3790 debellaret
685 3718 864 3782 adversarios,
889 3733 944 3769 non
970 3717 1057 3771 solnm
1086 3733 1141 3770 non
1166 3719 1279 3771 haberet
1306 3717 1383 3769 bunc

276 3784 446 3838 obedientem
467 3794 494 3838 et
510 3789 580 3838 idem
600 3791 769 3855 sentientem,
790 3791 934 3842 sedetiam
957 3791 1065 3841 inimice
1087 3791 1214 3842 adversus
1233 3806 1262 3842 se
1282 3790 1382 3855 dispo-

274 3858 354 3909 siturn
374 3864 401 3907 et
420 3858 480 3909 odio
499 3858 640 3912 habentem
658 3859 728 3911 hunc
747 3868 856 3928 propter
866 3861 963 3913 bonum
979 3860 1136 3926 consilinm,
1154 3863 1213 3929 ipse
1231 3860 1297 3914 talia
1316 3877 1382 3914 cer-

275 3930 374 3979 tamina
393 3937 419 3981 et
439 3929 600 3987 luctationes
620 3941 712 3984 contra
730 3942 825 4002 gentos
849 3931 917 3983 alias
937 3934 1027 4001 stirpis
1054 3941 1081 3984 et
1099 3947 1188 3984 curam
1207 3932 1382 3987 Christiano-

274 4014 333 4050 rum
351 3999 425 4053 solus
444 4010 575 4054 sustentat
593 4011 619 4055 ot
636 4003 723 4069 subit,
751 4012 778 4056 et
796 4017 884 4056 eorum
909 4002 959 4054 deo
979 4013 1005 4057 et
1023 4004 1174 4056 hominibus
1192 4003 1292 4058 bonum
1310 4018 1382 4071 pro

276 4069 393 4136 positum
411 4079 438 4123 et
457 4072 608 4125 latentem
600 4090 629 4125 m
648 4075 700 4127 boe
715 4041 798 4127 ’tinem
813 4077 888 4159 pium
905 4078 1084 4142 praetendens
1102 4077 1198 4144 incipit
1224 4076 1382 4143 principatu

278 4138 438 4198 Graecorum
463 4144 608 4214 tranquillo
632 4147 720 4214 animo
739 4147 841 4217 potiri,
867 4160 1009 4203 removens
1034 4146 1106 4216 regis
1132 4147 1289 4214 profundam
1309 4145 1382 4200 hano
