2967 4825
128 286 138 303 ·
186 227 189 233 ’
244 237 316 354 tes
371 290 377 311 ι
533 257 758 330 urcuuuurs
783 252 1044 327 Δπκιιοτλε

241 429 298 495 καί
316 430 387 495 λίαν
408 425 608 512 α’πρόσβατον
631 423 686 490 διό
709 423 769 509 τὴν
790 426 854 489 τεόν
874 425 1049 506 γενομένων
1069 423 1172 508 α’πηνῆ
1192 424 1345 507 σκνδρωι

130 546 138 577 ·‘
242 530 373 617 πιότητα.

238 649 244 657 ’
333 624 475 696 Ἤλαυνε
498 632 557 711 μέν
579 620 634 694 οὖν
656 627 673 691 ό
692 624 846 711 βασιλεύς
866 630 899 707 ἐξ
920 620 1003 701 έοόας
1023 622 1103 710 πρός
1125 622 1182 710 τήν
1204 622 1346 708 ἑσπέραν

240 738 340 819 μέχρι
359 734 545 807 Κολωνείας
565 731 682 814 αότῆς·
727 729 808 793 ε’πόν
828 730 863 793 δέ
884 732 1003 813 γένοιτο
1027 726 1115 803 ἐντός
1136 731 1195 793 τοῦ
1215 732 1347 793 Μελισ-

242 834 410 921 σοπετρίοο
435 831 588 918 (κόοτρον
609 834 644 896 δέ
666 832 758 895 τούτο
789 832 846 895 ε’πί
863 851 946 905 τινος
967 825 1067 915 λόφον
1089 832 1259 917 κείμενον),
1285 823 1375 914 ἦρι-5

162 991 166 997 .
243 942 338 1015 ξαντα
357 935 459 1024 τούτῳ
480 940 685 1031 προσομιλεῖν
717 929 756 997 τοὶ
774 932 874 997 δεινό.
916 929 1017 1015 όγόρ
1051 927 1232 1012 σύμβουλος
1255 930 1348 1019 αύτῷ
1413 934 1417 955 ’

152 1078 166 1092 r
241 1043 299 1105 καί
316 1041 429 1122 πρῶτα
451 1040 488 1125 τῇ
509 1040 684 1124 στρατηγίᾳ
704 1035 841 1111 Παῦλος
870 1032 1035 1115 πρόεδρος,
1061 1028 1096 1097 όν
1119 1028 1180 1095 α’πό
1206 1034 1264 1097 τού
1284 1056 1349 1095 κα-

240 1141 422 1208 τεπανικίοο
449 1142 504 1222 τῆς
528 1138 673 1222 Ἐδέσσης
702 1131 993 1217 μεταπεμψάμενος
1023 1129 1215 1215 όβασιλεύς
1248 1134 1281 1197 έν
1300 1135 1349 1221 τῷ

242 1240 322 1327 πρός
344 1244 478 1324 Πέρσας
499 1234 641 1304 ἐλαύνειν
669 1227 763 1322 εόρεν
782 1237 816 1300 έν
842 1228 1106 1300 Θεοδοοιοοπόλει
1135 1233 1349 1315 σχεδιόζοντα

243 1344 303 1428 τήν
323 1344 442 1425 ταύτης
460 1337 567 1425 α’ρχην
589 1338 642 1403 διό
672 1335 707 1403 τό
731 1338 785 1403 τόν
808 1340 907 1401 δούκα
935 1337 1164 1420 προαλωθῆναι
1186 1334 1264 1415 μετὰ
1285 1337 1351 1397 τού
1362 1358 1400 1411 10

242 1447 412 1528 βασιλέως,
433 1440 489 1505 καί
509 1438 613 1505 πόντα
635 1436 736 1505 έδόκει
760 1439 847 1525 adra?
875 1438 1111 1523 συναιρόμενον,
1129 1433 1252 1521 νύκτωρ
1271 1438 1350 1502 δια.

242 1544 322 1628 δρός
341 1539 397 1627 την
419 1543 571 1622 βασιλίδα
591 1542 756 1625 κατέλαβε,
771 1586 774 1591 ,
787 1536 903 1619 μαθων
924 1535 963 1604 τό
982 1539 1175 1624 γεγενημένα
1196 1544 1264 1603 κατ’
1285 1536 1353 1603 ον’-

241 1643 298 1726 την
319 1645 375 1708 καί
391 1642 448 1728 τὴν
469 1644 524 1728 τῆς
537 1637 729 1725 Λόγούστης
751 1640 946 1725 προαίρεσιν.
970 1633 1054 1725 αότη
1077 1635 1138 1724 γόρ
1163 1638 1350 1721 ἀπογνοῦσα

242 1741 301 1829 τὴν
321 1746 378 1808 τοῦ
394 1744 552 1823 βασιλέως
566 1741 721 1805 ἀπόλυσιν
738 1744 966 1823 μετεπέμψατο
978 1742 1038 1820 μὲν
1054 1744 1109 1805 καί
1122 1736 1176 1804 τόν
1188 1740 1244 1803 τού
1257 1736 1352 1820 προό-

242 1871 299 1913 τον
316 1843 431 1928 α’νδρός
446 1841 501 1907 καί
515 1844 673 1924 βασιλέως
693 1842 854 1924 ὁμαίμονα
867 1834 1015 1926 Ἰωάννην
1033 1838 1087 1906 τόν
1099 1841 1253 1923 Καίσαρα
1264 1840 1349 1923 μετὰ
1363 1859 1402 1913 15

243 1943 304 2011 δύο
335 1944 438 2009 adrui
459 1939 559 2023 οἱοόν,
580 1932 625 2006 τόν
650 1937 666 2003 ό
695 1933 740 2017 εἷς
766 1940 999 2025 όἈνδρόνικος
1021 1945 1134 2026 νέηλνς
1163 1934 1202 2025 ἦν
1229 1946 1263 2007 έκ
1294 1945 1352 2025 τῆς

242 2047 396 2131 στρατιᾶς
424 2044 613 2137 καταλαβών
640 2044 673 2107 έν
706 2048 793 2131 φυγῇ
800 2094 809 2126 ,
846 2044 1044 2125 διεπέμψατο
1073 2045 1107 2107 δέ
1132 2046 1188 2108 καί
1206 2042 1352 2127 δόγματα

242 2145 323 2231 πρός
355 2143 459 2219 πιέσας
487 2142 546 2219 τὰς
565 2140 739 2240 ἐπαρχίας,
765 2141 809 2230 μη
840 2138 921 2218 όλοις
948 2143 1125 2227 α’παντῆσαι
1151 2145 1194 2232 τρῖ
1214 2147 1351 2230 Διογένη

242 2244 476 2327 διαταττόμενον
489 2243 543 2309 καί
553 2241 610 2329 την
619 2245 788 2331 βασιλικὴν
799 2243 898 2333 τούτῳ
910 2241 1122 2331 προσκύνησιν
1133 2251 1351 2330 προσενεγκεῖν

242 2350 298 2414 καί
318 2344 424 2432 τιμήν.
457 2344 537 2411 α’λλό
559 2351 618 2411 τοό
630 2345 798 2432 Καίσαρος
819 2347 970 2423 εἰσιόντος
990 2343 1072 2428 μετ-ό
1095 2347 1157 2411 τοῖν
1174 2344 1231 2409 δύο
1254 2340 1399 2434 videram

242 2451 298 2514 καί
318 2453 356 2537 τῇ
375 2450 520 2532 βασιλίδι
535 2447 768 2533 προσμίξαντος
793 2450 828 2514 έν
855 2451 898 2536 τῷ
917 2449 1069 2538 παλατίηι,
1091 2451 1351 2535 μεταστρέφεται

242 2552 309 2618 κατ’
338 2552 435 2635 αὐτῆς
462 2549 482 2633 ἦ
515 2548 616 2634 βουλή
638 2556 693 2634 τῆς
722 2554 778 2616 τοῦ
801 2549 918 2637 όνδρός
947 2551 1170 2635 ἀποκηρύξεως
1190 2551 1246 2614 καί
1269 2546 1351 2614 διιό-

242 2655 329 2730 ξεως.
374 2650 423 2717 διό
444 2657 499 2718 καί
516 2650 571 2717 τόν
602 2655 663 2734 μὲν
693 2655 820 2738 πρῶτον
846 2649 1075 2737 ιυὶόνιαότῆς,
1099 2648 1135 2716 όν
1157 2655 1192 2718 ἐκ
1212 2655 1269 2738 τῆς
1290 2653 1351 2718 τού

241 2746 354 2824 Δούκα
373 2754 551 2840 συναφείας
573 2753 743 2836 ἀπέτεκεν,
775 2751 996 2842 αότοκρότορα
1025 2754 1081 2820 καί
1103 2755 1260 2839 δεσπότην
1282 2776 1350 2840 φη-

314 2908 338 2958 1.
359 2905 522 2979 taetantes
542 2906 573 2962 G.

244 3043 456 3110 (argumentum)
476 3039 641 3108 propositum
661 3044 711 3103 est,
730 3037 778 3092 sed
797 3037 876 3090 etiam
890 3036 969 3090 valde
987 3038 1153 3092 inaccessum
1173 3046 1284 3107 propter
1303 3039 1348 3092 fa.

244 3119 347 3164 storum
359 3112 504 3165 arudelem
522 3112 701 3179 asperitatem.
1437 3174 1444 3181 ‚

167 3180 174 3187 ’
340 3183 481 3236 Profectus
499 3185 583 3251 igitur
601 3189 642 3234 est
659 3199 707 3234 rex
725 3199 803 3236 marre
821 3183 854 3234 ad
872 3199 1013 3250 vesperum
1033 3199 1118 3252 usque
1138 3184 1171 3235 ad
1187 3182 1347 3237 Coloneum.

244 3272 305 3308 curn
324 3264 410 3307 autem
437 3259 508 3307 iutra
530 3255 756 3322 Melissopetrium
784 3254 938 3324 (castellum
964 3263 1005 3306 est
1023 3256 1091 3321 hoc,
1111 3255 1138 3307 iu
1158 3254 1230 3308 colle
1249 3256 1346 3325 situm)

242 3335 330 3392 esset,
356 3335 504 3394 coeperunt
529 3328 553 3378 ei
578 3327 702 3378 accidere
725 3325 803 3378 mala.
848 3325 956 3378 consilii
985 3328 1053 3379 euim
1081 3327 1137 3380 eius
1164 3327 1298 3394 particeps
1319 3335 1349 3378 et

241 3398 310 3452 belli
328 3401 464 3467 princeps,
485 3396 583 3450 Paulus
602 3412 711 3465 praeses
731 3402 825 3466 (quem
851 3414 884 3449 ex
903 3398 1072 3465 praefectura
1090 3398 1208 3451 Edessae
1227 3398 1347 3452 arcessi.

241 3478 297 3522 tum
313 3486 371 3533 rex,
389 3487 448 3520 eum
465 3469 499 3521 ad
516 3468 610 3520 Persas
628 3469 852 3535 proficisceretur,
872 3468 1080 3537 Theodosiopoii
1099 3471 1203 3524 invenit
1222 3487 1257 3522 ex
1275 3477 1347 3524 terri.

242 3556 310 3608 pore
330 3549 546 3609 procuratorem,
567 3541 629 3608 quia
646 3541 700 3591 dux
718 3556 776 3593 curn
795 3556 860 3609 rege
878 3547 970 3609 captus
990 3550 1062 3606 erat,
1083 3549 1109 3593 et
1127 3543 1154 3594 iu
1174 3542 1296 3594 omnibus
1316 3557 1348 3593 se

137 3671 142 3678 ,
244 3613 371 3664 adiuvare
390 3611 579 3680 arbitrabatur)
599 3617 679 3662 nocte
698 3610 805 3680 fugiens
820 3614 920 3680 regiam
934 3613 1015 3682 cepit,
1035 3629 1093 3664 cum
1108 3614 1256 3667 audivisset
1275 3614 1347 3666 iacta

244 3684 278 3735 de
298 3699 330 3732 ea
350 3690 377 3734 et
393 3689 522 3750 augustae
542 3681 690 3733 voluntate.
728 3683 796 3733 haec
816 3686 884 3734 euim
904 3685 1047 3752 desperans
1066 3687 1139 3753 regis
1157 3685 1346 3738 liberationem

244 3753 387 3804 arcessivit
413 3755 492 3804 etiam
510 3754 587 3820 primi
616 3753 715 3805 viriet
739 3756 812 3823 regis
836 3755 944 3808 fratrem
969 3757 1095 3808 loannem
1124 3757 1266 3811 Gaesarem
1286 3772 1346 3808 curu

244 3823 347 3875 duobus
367 3825 424 3876 eius
443 3823 516 3888 filiis,
536 3839 647 3893 quorum
664 3822 733 3876 alter
749 3826 916 3880 Andronicus
937 3829 1021 3880 redux
1040 3837 1097 3880 erat
1116 3843 1149 3881 ex
1162 3829 1346 3898 expeditiore,

242 3910 369 3948 reversus
388 3912 436 3963 per
456 3896 553 3963 fugam.
591 3897 662 3949 misit
680 3906 768 3950 autem
788 3899 866 3950 etiam
886 3901 993 3952 decreta
1017 3901 1050 3952 ad
1070 3915 1160 3954 omnes
1179 3903 1347 3968 provincias,

243 3967 350 4018 omniuo
369 3983 423 4019 nou
444 3967 549 4019 obviam
570 3969 610 4020 ire
628 3970 750 4036 Augusto
770 3969 888 4023 iubentia
909 3973 1055 4040 attegiam
1074 3972 1137 4025 huic
1154 3973 1347 4025 salutationem

242 4038 362 4091 tribuere
382 4048 409 4090 et
425 4040 561 4091 honorem.
599 4041 646 4092 sed
665 4050 804 4110 postquam
822 4043 920 4096 Caesar
946 4044 1088 4110 ingressus
1102 4051 1143 4096 est
1162 4059 1222 4096 cum
1241 4044 1346 4097 duobus

242 4108 307 4162 liliis
326 4118 353 4161 et
371 4113 482 4178 reginae
507 4127 537 4163 se
561 4113 698 4164 coniunxit
726 4114 753 4164 in
772 4113 894 4181 palatio,
914 4122 1026 4166 mutatur
1047 4123 1139 4170 contra
1159 4131 1219 4167 eum
1243 4115 1347 4170 voluu-

243 4185 284 4235 tas
309 4182 395 4236 virum
419 4181 562 4237 deiicieudi
581 4192 608 4235 et
627 4185 821 4254 persequendi:
845 4185 1014 4254 quamohrem
1040 4189 1118 4242 etiam
1145 4188 1258 4257 primum
1287 4188 1347 4242 eius
