2967 4825
607 253 816 331 moroan.
973 209 976 212 ⁵
1062 320 1066 330 ,
1186 267 1260 344 ιιι

153 404 304 493 parrysia
324 411 425 476 ύκεῖσε
448 415 616 503 κατάλαβε)
645 416 821 504 παννύχιος
840 411 937 490 πᾶσιν
960 425 1074 507 ἀμίλει
1096 421 1264 518 κατ”περι-
1287 405 1299 421 ι

152 514 269 592 χαράς
282 515 500 608 προσεδέχετο,
522 520 578 581 καί
598 529 704 598 τιμαῖς
725 523 869 599 ἀπλέτοις
889 524 946 589 κατ’
964 527 1161 611 χαρίσμασιν
1184 533 1264 599 ἀνα-

155 608 327 694 ριθμήτοις
348 610 465 688 αύτούς
488 612 617 696 ἐκόσμει
646 619 702 684 καί
722 619 992 707 κατελάμπρυνεν.
1036 622 1101 693 εἶτα
1125 637 1263 714 πρωιαί-

153 731 250 792 τερον
269 711 325 795 τῆς
338 716 505 798 βασιλικῆς
527 716 605 793 νεοός
623 717 738 802 ἐπιβάς
751 720 833 786 εύβύ
849 726 904 807 τῆς
917 729 1147 817 βασιλευούσης
1166 729 1262 818 ε’ξοόρ.

119 814 250 894 5μησε,
269 816 450 896 σαλπίγγων
479 818 534 880 καί
560 823 698 898 βυκίνων
720 820 927 909 περιηχὴσεσι
957 826 1012 892 καί
1036 829 1159 912 κρότοις
1180 858 1263 916 κυμ-

154 910 265 992 βάλων
285 910 341 978 κατ’
362 918 484 1000 φωναῖς
506 917 666 1005 εύφημοις
694 921 750 988 καί
768 929 1013 1012 μεγαλουργίαις
1039 933 1181 1014 ἀπείροις
1204 932 1262 1019 τη“ν

154 1018 413 1098 καταπληκτικῶς
440 1017 685 1103 ἐνδεικνύμενος.
729 1025 749 1108 ἦ
783 1028 818 1090 δὲ
838 1028 984 1106 ostana
1005 1037 1092 1096 πᾶσα
1114 1036 1261 1104 noardes-z

154 1113 274 1197 δρούτσ
300 1123 364 1190 τοῖς
391 1117 529 1206 πλοίοις,
551 1123 606 1185 καί
631 1120 775 1205 ἐμιμεῖτο
806 1125 905 1210 ἀγρόν
937 1136 1095 1207 παντοίοις
1118 1137 1260 1218 δένδροις
1270 1153 1290 1208 ς.
1300 1153 1389 1213 2277.

152 1219 325 1301 συνηρεφῆ
347 1216 538 1302 κατάκομον·
580 1227 699 1307 μέτρον
719 1225 781 1310 γὰρ
806 1228 863 1292 ούκ
885 1222 926 1313 ἤν
946 1233 1010 1296 τῶν
1032 1233 1261 1317 προόπαντιόν-

96 1321 218 1382 1οτων
241 1317 330 1405 αύτῷ
353 1321 409 1383 καί
428 1322 486 1403 την
505 1322 669 1410 εύφημίαν
688 1327 922 1412 ύπεραιρόντων
950 1331 1005 1396 κατ’
1034 1328 1178 1422 ρἰύόντων,
1203 1334 1261 1422 τήν
1329 1388 1333 1396 -

153 1418 219 1482 τῶν
239 1419 452 1504 ἐπιβατηρίων
470 1427 674 1507 χαρμόσυνον
700 1421 816 1512 ἑορτήν.
867 1434 985 1513 μικρού
1004 1431 1064 1516 γόρ
1087 1439 1149 1500 πᾶν
1170 1439 1257 1518 γένος

64 1524 69 1528 ’
151 1517 337 1609 ἀνθρώπων
358 1522 413 1586 καί
431 1522 538 1607 ἡλικίαι
560 1530 647 1590 πᾶσα
669 1534 802 1612 χορείας
825 1535 881 1595 καί
900 1536 1091 1619 πανηγύρεις
1112 1535 1256 1618 ύμνοπό.

150 1627 219 1685 λων
241 1618 424 1707 ἐστήσαντο,
446 1624 501 1690 καί
520 1626 671 1712 ἀπαρχαῖς
692 1633 749 1714 τῆς
768 1629 890 1697 ἑαυτῶν
911 1632 1113 1720 ἀνακλήσεως
1126 1640 1170 1724 τῷ
1192 1643 1256 1727 θεῷ

150 1724 367 1820 καθιέρωσαν.
409 1731 521 1793 τοῦτον
543 1727 598 1794 τόν
621 1731 737 1815 τρόπον
758 1737 856 1818 μέχρι
870 1739 934 1800 τῶν
955 1734 1135 1824 ἀνακτόρων
1158 1738 1259 1804 πλεύ-

94 1833 229 1904 15σας,
262 1824 317 1890 καί
335 1825 415 1908 κατὰ
437 1831 496 1911 γῆν
516 1830 637 1911 μείζονι
661 1836 700 1919 τῇ
720 1842 906 1925 φρυκτωρίη
937 1839 993 1902 καί
1015 1839 1061 1925 τῷ
1081 1839 1258 1928 περιβοήτῳ

153 1922 302 2008 θαύματι
324 1925 378 1991 καί
399 1929 549 2012 κινήματι
578 1930 634 1996 καί
653 1940 719 2008 τοῖς
745 1936 912 2018 ἐγκωμίοις
933 1937 1082 2002 ἀπόντων
1102 1963 1259 2005 καταστε-

150 2028 259 2112 φθείς,
282 2028 390 2093 αύτοόν
410 2025 566 2111 ἐπιβαίνει
589 2034 653 2097 τάν
672 2034 857 2122 ἀνακτόρων
886 2041 942 2104 καί
959 2035 994 2104 τό
1015 2029 1153 2122 ἀκρατον
1175 2042 1258 2122 κρύ-

148 2149 205 2201 τος
222 2128 278 2211 τῆς
297 2129 463 2208 βασιλείας
483 2133 518 2194 ἐν
537 2126 659 2217 όξόχοις
680 2138 975 2222 τερατουργημασιν
998 2139 1192 2207 ἐπενδύεται.

258 2227 301 2295 Τό
333 2236 362 2296 d'
394 2232 455 2297 ἀπό
493 2235 588 2297 τοῦδε
618 2240 665 2311 τίς
685 2235 776 2320 λόγος
805 2240 958 2326 ε’κφρόσει
980 2245 1035 2306 καί
1056 2238 1256 2328 διηγήσεταις

90 2330 190 2398 sord
214 2333 247 2397 ἕν
268 2329 429 2416 ἀξιώμασι
461 2341 517 2402 καί
538 2347 646 2423 τιμαῖς
667 2342 885 2423 περιβλέπτοις
916 2343 971 2405 κατ’
1000 2350 1256 2431 μεγαλοπρεπέσι

150 2435 293 2519 διηνεκὲς
327 2437 383 2499 καί
415 2436 601 2522 ἀνένύοτον,
634 2442 689 2504 κατ’
715 2438 751 2504 τό
781 2442 815 2506 ἐν
846 2439 961 2525 δώροις
994 2443 1048 2509 καί
1075 2448 1256 2528 χαρίσμασι

147 2530 332 2623 ύπερφὲρου
353 2540 409 2602 καί
427 2537 730 2624 ύπερεκχυνόμενον,
756 2537 799 2618 οός
819 2544 915 2626 λῆρον
937 2540 1020 2610 εἶναι
1045 2542 1098 2611 τόν
1111 2552 1256 2613 Πακτω-
1288 2558 1295 2567 “

132 2632 209 2701 ‘ida
233 2639 351 2704 ἐκεῖνον
373 2643 428 2723 καί
445 2644 682 2728 Χρυσορρόάν,
704 2642 736 2708 οἳ
751 2639 807 2728 την
826 2646 890 2710 τάν
911 2649 1044 2713 Λυδῶν
1054 2652 1256 2733 παραρρέον-

227 2802 253 2855 6.
272 2794 336 2873 τόν]
357 2794 409 2870 την
425 2808 593 2877 παρουσίαν
611 2803 658 2859 vel
673 2802 725 2878 τὴν
744 2804 882 2864 sicodor?
954 2807 996 2861 18.
1016 2810 1168 2867 turstano
1187 2810 1218 2867 G.

147 2984 249 3022 veram
269 2968 428 3039 contendit)
444 2984 494 3037 per
521 2976 603 3021 totam
620 2978 728 3023 noctem
748 2987 807 3023 cum
835 2972 956 3025 omnibus
974 2974 1132 3026 versabatur
1154 2990 1254 3045 eosquo

149 3041 316 3094 hilarissime
335 3041 487 3108 excipiebat
507 3048 534 3093 et
557 3040 703 3111 honoribus
722 3042 874 3111 ingentibus
894 3052 920 3095 et
938 3046 1031 3111 gratiis
1049 3047 1254 3099 innumerabili.

147 3114 202 3166 bus
221 3128 268 3166 eos
287 3112 398 3165 ornabat
419 3121 446 3164 et
463 3112 630 3165 illustrabat:
655 3114 753 3165 deinde
776 3130 853 3165 mana
867 3113 968 3182 regiam
992 3130 1088 3167 navem
1105 3119 1253 3171 ascendens
1314 3162 1322 3168 .

149 3186 242 3239 statim
269 3184 361 3236 urbem
380 3186 535 3249 contendit,
559 3185 681 3237 tubarum
701 3185 924 3243 etbucciuarnm
952 3185 1080 3254 clangore
1099 3194 1126 3237 et
1144 3188 1254 3254 planctu
1330 3238 1336 3245 ,

150 3255 334 3323 cymbalorum
363 3265 390 3307 et
416 3256 529 3309 vocibus
554 3258 637 3325 gratia
664 3265 690 3308 et
722 3258 921 3323 magnificentia
944 3258 1072 3310 immensa
1096 3258 1254 3325 dignitatem

148 3327 233 3381 valde
252 3336 403 3381 ostentans:
430 3344 502 3379 mare
527 3337 614 3380 autem
634 3343 711 3379 omne
736 3336 765 3379 ut
792 3329 929 3381 arboribus
956 3330 1117 3381 densabatur
1136 3332 1253 3399 navigiis

149 3408 182 3451 et
200 3399 352 3451 imitabatur
370 3416 462 3468 agrum
480 3401 564 3453 uariis
577 3399 715 3452 arboribus
728 3408 826 3452 tectum
847 3409 874 3452 et
887 3409 1031 3454 comatum:
1051 3408 1163 3454 metrum
1183 3403 1258 3453 enim,

148 3486 208 3527 non
228 3481 285 3523 erat
304 3487 405 3536 eornm,
424 3474 471 3540 qni
490 3472 650 3525 obvenirent
678 3474 703 3523 ei
723 3480 750 3523 et
769 3472 936 3525 salutationis
965 3472 1107 3524 clamorem
1126 3472 1254 3525 tollerent

150 3552 182 3595 et
202 3551 329 3595 canerent
347 3541 433 3595 hilare
452 3544 582 3597 adventus
597 3544 708 3595 lestum:
728 3558 815 3611 paene
835 3544 905 3596 enim
918 3559 995 3595 omne
1014 3560 1099 3613 genus
1118 3544 1254 3595 hominum

151 3621 182 3665 et
199 3624 272 3668 aetas
292 3615 377 3667 omnis
396 3614 493 3667 choros
514 3624 540 3667 et
555 3616 700 3668 conciones
719 3614 831 3681 hymnos
857 3624 982 3669 canentes
1001 3616 1206 3682 constituerunt,
1226 3623 1253 3668 et
1335 3633 1338 3638 ·
1436 3614 1438 3620 '

150 3687 283 3754 primitias
302 3702 367 3739 suae
385 3687 591 3743 renuntiationis
610 3688 660 3739 deo
679 3688 843 3741 dedicarunt.
882 3687 934 3739 hoc
951 3688 1029 3739 modo
1048 3704 1133 3755 nsque
1154 3688 1187 3739 ad
1204 3702 1252 3739 re.

150 3760 224 3827 giam
240 3760 371 3827 navigans
392 3767 419 3809 et
439 3767 508 3811 terra
522 3760 623 3810 maiore
641 3760 740 3810 facium
753 3760 830 3827 signo
852 3767 879 3810 et
892 3759 965 3811 claro
983 3758 1113 3811 miraculo
1135 3767 1162 3811 et
1179 3767 1253 3812 motu

151 3838 181 3880 et
197 3830 321 3882 laudibus
340 3832 456 3881 omnium
486 3838 628 3882 coronatus
645 3832 730 3897 ipsam
748 3828 850 3899 regiam
869 3832 1006 3896 ascendit,
1028 3839 1054 3883 et
1076 3830 1182 3897 plenam
1200 3846 1252 3897 po-

148 3903 263 3953 tentiam
281 3903 359 3971 regui
375 3902 528 3971 ingentibus
546 3902 676 3969 prodigiis
694 3902 788 3953 induit.

250 3990 291 4051 Ex
311 4005 343 4041 eo
362 3998 451 4042 autem
470 3998 591 4057 tempore
612 4004 680 4057 quae
700 3990 786 4042 oratio
800 3990 933 4042 enarrabit
953 3998 979 4040 et
997 3990 1068 4041 dicet
1087 3991 1144 4042 eius
1162 3990 1190 4040 iu
1208 3990 1252 4041 di.

149 4062 297 4131 gnitatibns
317 4068 343 4113 et
361 4061 508 4113 honoribus
526 4060 675 4113 illustribus
695 4069 721 4111 et
736 4062 884 4129 magnificis
903 4062 1077 4113 constantiam
1098 4068 1125 4111 et
1140 4061 1253 4113 firmita-

151 4142 207 4185 tem
225 4143 252 4186 et
270 4136 299 4185 in
318 4134 395 4187 donis
414 4140 442 4185 et
459 4132 553 4201 gratiis
566 4132 703 4201 ingentem
722 4140 749 4183 et
769 4133 878 4186 effusam
898 4134 1043 4185 rationem:
1062 4134 1100 4183 ita
1117 4140 1147 4184 ut
1164 4148 1253 4201 nugae

148 4206 205 4260 sint
223 4204 349 4259 Pactolus
368 4204 418 4257 illc
437 4211 466 4257 ct
482 4202 672 4273 Chrysorroas,
700 4204 747 4273 qni
764 4204 897 4272 Lydorum
915 4202 1137 4274 praeterfluentes
1154 4213 1252 4258 terram
1350 4241 1353 4245 ,

205 4302 289 4359 aaa.
307 4303 391 4358 ιιιιι
408 4300 477 4359 τισι.
1031 4300 1064 4355 1s
1159 4364 1163 4369 .
