2967 4825
247 250 325 335 σου
541 253 762 327 nicaenus
791 190 1086 323 lmluonlns

252 422 379 515 σίοριὶτιρ
402 416 538 506 δυνάμει
549 421 622 500 τούς
643 421 813 504 πολεμιόος
834 421 1017 497 ἐλάνθανον,
1038 410 1121 479 citt
1143 412 1267 521 πλείους
1287 410 1373 475 ἐνέ-

253 552 366 595 πιπτον
387 531 446 610 μὲν
477 526 598 605 αιίτοῖς,
626 520 706 609 πρὸς
735 524 771 586 dt
800 518 856 586 τὸν
886 522 944 584 νῦν
975 519 1110 600 βασιλέα
1143 508 1371 595 μανθάνοντες

254 629 371 712 edente
392 631 632 712 κατεπείγεσθαι
654 628 857 707 συνεχώρουν
881 623 987 695 ου’τοῖς
1013 624 1068 683 καί
1089 618 1238 699 α’βλαβεῖς
1256 610 1371 676 διετί-

253 738 346 813 θσυν,
369 732 518 814 ἀβλαβῶς
538 730 592 793 καί
608 730 722 813 φιλίως
740 721 819 807 πρὸς
833 716 1007 805 τὴνάὐτοῦ
1024 716 1190 803 βασιλείαν
1209 714 1264 780 καί
1278 736 1369 800 προ-

76 833 78 840 ’
165 850 171 855 ’
252 836 405 919 σηγοριάν
428 830 514 915 παρὰ
538 834 644 895 πᾶσαν
664 827 869 911 ἀνθρωπίνην
892 819 1277 923 ὖπόνσιανιλιακείμενοι.
1380 826 1398 879 5

355 936 427 999 Καί
446 926 547 1016 ἧῇμέν
570 928 912 1001 Κωνσταντινοτίπολις
933 923 990 989 καί
1001 920 1040 987 ὀἱ
1062 930 1125 989 τῶν
1150 918 1234 995 ἐκτὸς
1257 917 1370 983 ἐπιει-

254 1039 396 1121 κέστεροι
418 1028 503 1098 οὕτω
522 1034 772 1120 κροδοιινυμὲνας
807 1026 894 1112 εἶχον
923 1027 979 1103 τὰς
1013 1016 1130 1100 οἰκείας
1159 1019 1270 1106 ψυχάς
1303 1022 1373 1087 καί

139 1115 195 1167 ’.”
231 1136 498 1210 ’συννενευκιίιας
523 1132 603 1219 πρὸς
626 1132 799 1218 τὴναιῗτοῦ
827 1132 1051 1215 ἐπικράτειαν·
1098 1126 1170 1190 ὅδὲ
1205 1118 1372 1207 βασιλευς

256 1240 349 1305 tetta
370 1240 434 1301 τῶν
452 1238 550 1301 θείων
581 1235 743 1318 κριμσίτσυν
774 1232 830 1297 καί
862 1232 1034 1309 θοξοποισῖν
1068 1229 1112 1304 είς
1140 1228 1214 1291 νοῦν
1242 1221 1371 1309 βαλλό.

258 1361 353 1421 μενος
376 1331 446 1402 οὕτε
468 1340 529 1403 τῶν
552 1343 708 1402 κακίστων
731 1337 881 1419 ἐπείχετο
906 1332 1059 1418 πράξεσιν,
1076 1330 1129 1395 καί
1147 1330 1229 1412 μήτε
1253 1324 1288 1392 τί
1303 1327 1374 1391 τοῦ
1382 1338 1417 1392 10

160 1441 166 1453 ’
246 1438 374 1526 ’ἀνδρὸς
400 1442 526 1522 α’ξίσιμα
549 1442 604 1503 καί
623 1437 682 1523 τῆν
702 1442 735 1504 ἐκ
759 1434 857 1520 ἔργων
880 1434 976 1517 ἰσχύν
997 1436 1050 1498 καί
1069 1430 1125 1517 τὴν
1147 1424 1249 1515 ἄκραν
1268 1429 1373 1512 εὕγέ-

258 1565 347 1611 νειαν
367 1540 557 1621 αίθοίμενος
580 1532 627 1622 ἦν,
650 1538 704 1603 καί
724 1538 840 1604 ἐννοῶν
866 1536 1014 1601 κοινωνόν
1036 1538 1090 1617 τῆς
1114 1533 1279 1617 βασιλείας
1300 1536 1372 1595 λα-

259 1649 328 1727 βεῖν
349 1644 403 1706 καί
422 1640 493 1715 τοὺς
514 1638 662 1724 θύραθεν
684 1639 853 1720 πολεμιόυς
868 1636 1177 1722 κατατροπυίσαοθαι
1189 1634 1231 1696 δι’
1247 1633 1391 1721 atram

258 1742 317 1809 καί
338 1750 403 1819 τσΐς
423 1741 577 1825 ὑπηκόοις
595 1740 652 1822 τὴν
675 1742 861 1824 ἐλευθερίαν
882 1735 1174 1822 περιποιήσασθαι,
1195 1730 1277 1798 α’λλσὶ
1299 1737 1373 1799 τοῦν

266 1842 414 1928 Τούρκσιν
434 1836 478 1917 αἷς
497 1842 704 1907 οἰκειοτάτων
716 1840 771 1905 καί
799 1843 914 1927 φιλίων
945 1840 1204 1920 ἀντιποιούμενος
1233 1838 1416 1918 διεπέμ·15

259 1968 338 2011 πετο
358 1943 437 2027 πρὸς
459 1943 595 2029 αὐτούς,
618 1947 673 2007 καί
693 1940 807 2027 δώροις
831 1944 978 2029 α’μέτρσις
993 1930 1049 2005 καί
1059 1942 1272 2014 παντοδαπαῖς
1284 1939 1372 2003 ὑπο-

262 2048 391 2127 σχέσεσι
405 2046 597 2129 διηρεδίζετσ
613 2050 680 2109 κατ’
701 2044 811 2125 αὐτοῦ,
833 2041 913 2109 ὥστε
935 2042 1029 2109 παντί
1048 2046 1155 2107 σθένει
1168 2042 1223 2105 καί
1231 2041 1375 2127 ’μηχανῇ

262 2148 544 2231 καταγωνίσασθαι
565 2150 695 2227 τοῦτον,
717 2152 773 2211 καί
800 2140 822 2232 ἢ
849 2146 1013 2229 μαχαίρας
1043 2142 1133 2228 ἔργον
1164 2143 1372 2225 ποιήσασθαι

264 2247 320 2314 εἴτ’
341 2248 545 2331 αἰχμάλωτον
565 2252 686 2314 θέσθαι
709 2253 764 2314 καί
785 2241 879 2316 ὤνιον
901 2256 967 2326 τοῖς
982 2250 1132 2331 μισοῦσιν
1145 2244 1251 2311 αὐτὸν.
1294 2246 1371 2309 ἄλλ’

194 2404 198 2408 .
264 2342 375 2436 οὕκῆν
395 2347 475 2436 πρὸς
491 2355 571 2416 θεοῦ
591 2347 625 2416 τὸ
650 2353 832 2436 τηλικοῦτον
855 2343 966 2437 ἄνδρα,
987 2358 1052 2426 τοῖς
1071 2352 1244 2435 κρείττοσιν
1261 2343 1415 2431 ἐργοιςλθ

263 2456 495 2537 κεκοσμημένον
516 2455 673 2534 ἐπιεικῶς,
696 2461 762 2528 τοῖς
785 2455 934 2537 ζητοῦσιν
959 2451 1058 2518 αὐτὸν
1086 2453 1261 2532 ἐπιθυμίας
1291 2443 1370 2512 dor·-

264 2577 323 2619 τιου
346 2555 550 2642 παραστῆσαι
573 2550 740 2620 ἐπίθεσιν.
786 2552 839 2619 dre?
861 2559 955 2620 τοῦτο
979 2551 1033 2618 καί
1055 2562 1122 2628 ταῖς
1141 2555 1200 2633 μὲν
1224 2549 1372 2634 ὕποσχί-

266 2678 337 2722 σεσι
360 2659 420 2721 τοῦ
438 2658 596 2741 βασιλέως
618 2653 784 2741 ἐθέλγοντο
800 2659 862 2722 .καί
878 2658 1102 2742 παρεκινσῦντο
1128 2652 1158 2721 οἱ
1184 2653 1327 2738 Τσῦρκοι,
1349 2651 1371 2735 ἡ
1426 2645 1428 2648 ’

268 2903 273 2909 ,
337 2832 364 2888 4.
386 2851 421 2888 an
442 2835 587 2906 εθλαβῶςῗ

267 2995 327 3052 dem
345 2983 450 3064 ineos,
470 3000 517 3052 sed
536 3017 594 3052 cum
613 3002 735 3054 audirent
755 3017 801 3054 eos
821 3001 853 3054 ad
874 3016 943 3066 eum,
963 3001 1007 3070 qni
1027 3005 1098 3054 'nunc
1118 3009 1233 3066 estreis,
1252 3007 1372 3052 conten.

267 3071 351 3136 dere,
377 3071 559 3125 concedebant
590 3073 641 3125 hoe
669 3076 703 3126 iis
731 3083 757 3126 et
774 3073 924 3126 incolumes
953 3073 1146 3142 disponebant,
1166 3075 1321 3126 innocenter
1343 3081 1373 3124 et

266 3143 352 3268 amice
373 3160 438 3215 erga
454 3145 510 3197 eius
529 3161 640 3214 regnum
659 3154 686 3198 et
704 3161 801 3198 nomen
819 3154 926 3214 praeter
945 3161 1049 3197 omnem
1066 3145 1200 3197 hominum
1214 3146 1372 3214 opinionem
1466 3185 1467 3198 r

283 3217 398 3284 inpositi.
466 3250 470 3256 -

365 3314 456 3382 Atque
474 3313 721 3382 Constantinopolis
740 3315 846 3383 quidem
867 3323 893 3367 et
910 3317 980 3367 inter
993 3322 1118 3367 externos
1132 3316 1176 3384 qui
1193 3317 1277 3384 magis
1296 3323 1373 3367 stre.

267 3386 316 3438 nui
335 3394 410 3438 erant
427 3386 474 3444 ita¹
493 3395 627 3452 permotos
656 3386 789 3438 habebant
807 3389 908 3440 animos
934 3396 960 3438 et
980 3389 1124 3440 adnuentes
1151 3387 1184 3438 ad
1205 3389 1262 3440 eins
1280 3389 1372 3455 impe.

267 3459 346 3510 rium.
391 3457 439 3510 sed
464 3473 513 3509 rex
539 3458 608 3509 nibil
636 3459 726 3511 divina
743 3459 843 3510 iudicia
863 3468 889 3510 et
910 3459 1056 3511 sententias
1099 3459 1295 3512 nimadvertens
1313 3473 1373 3510 non

268 3529 418 3581 abstinebat
435 3530 560 3597 pessimis
577 3530 747 3592 actionibus;
773 3547 861 3599 neque
888 3532 939 3582 uiri
961 3475 1114 3598 dignitat2m
1135 3539 1162 3581 ct
1179 3531 1275 3596 robur,
1298 3531 1373 3598 quod

269 3601 347 3654 laetis
372 3598 552 3664 consistebat,
580 3610 607 3653 et
640 3597 765 3655 summam
789 3603 956 3654 nobilitatem
983 3602 1126 3655 verebatur
1154 3619 1244 3672 neque
1268 3605 1373 3655 socium

270 3687 330 3724 eum
347 3674 427 3740 regni·
443 3673 568 3738 accipere
596 3682 623 3724 et
642 3683 767 3726 externos
799 3674 889 3726 hostes
908 3674 1012 3741 pellere
1032 3673 1080 3742 pe'r
1108 3691 1177 3739 enm,
1197 3676 1373 3728 etsubiectis
1466 3685 1467 3722 3

269 3743 422 3794 libertatem
449 3743 614 3807 conciliare,
640 3746 687 3796 sed
705 3745 796 3798 ancis
816 3755 846 3797 ut
874 3745 1087 3799 familiarissimis
1108 3754 1134 3796 et
1152 3747 1244 3798 amicis
1263 3747 1374 3800 studens

270 3812 391 3865 mittebat
407 3813 514 3882 legatos
533 3816 566 3867 ad
584 3830 631 3867 eos
650 3824 677 3867 et
695 3817 770 3869 donis
789 3818 937 3868 immodicis
952 3825 979 3869 et
994 3819 1076 3870 variis
1094 3819 1232 3884 promissis
1254 3833 1300 3884 eos
1320 3833 1373 3870 ex.

271 3884 376 3952 citabat¹
393 3894 487 3938 contra
513 3886 608 3950 illum,
629 3895 659 3938 ut
683 3889 754 3939 omni
772 3890 799 3940 vi
832 3897 859 3939 et
877 3897 934 3939 arte
953 3889 1023 3942 bunc
1042 3887 1210 3942 debellarent
1227 3899 1307 3960 atque
1326 3896 1375 3942 aut

271 3956 354 4026 gladii
375 3973 441 4026 opus
461 3974 520 4010 eum
538 3959 682 4011 redderent
698 3968 743 4010 aut
763 3961 895 4028 captivum
909 3959 1029 4013 facerent
1048 3970 1074 4013 et
1092 3961 1174 4013 uilem
1189 3965 1233 4026 iis,
1247 3964 1292 4031 qui
1312 3977 1375 4014 eum
1466 3961 1467 4010 l

271 4028 399 4081 odissent.
435 4030 554 4083 sednon
574 4040 630 4083 erat
648 4032 702 4096 dei,
728 4031 809 4083 talem
828 4033 914 4084 uirum
932 4033 1089 4085 melioribus
1108 4033 1185 4086 laetis
1207 4037 1270 4088 satis
1290 4049 1375 4087 orna.

270 4107 326 4156 lum
344 4102 379 4153 iis
397 4103 444 4168 qui
463 4118 523 4154 eum
540 4111 710 4171 quaererent,
737 4105 901 4156 constituere
928 4113 1110 4172 argumentum
1129 4105 1280 4172 cupiditatis
1298 4106 1375 4158 inin.

271 4180 348 4229 stae:
368 4181 511 4242 propterea
527 4177 606 4226 etiam
623 4177 762 4243 promissis
777 4175 884 4244 quidem
902 4178 975 4246 regis
984 4177 1168 4231 mulcebantur
1181 4185 1208 4232 et
1224 4179 1376 4234 moveban-
