2967 4825
206 191 317 287 'aot
533 209 754 281 menarum
784 203 1044 277 sermome

327 377 376 442 05
396 373 462 459 μὴν
480 376 517 439 δέ
539 371 620 439 ἀλλά
642 372 698 437 καί
717 373 774 458 τὴν
796 374 916 492 μητέρα
938 389 1054 455 τουτου
1069 355 1209 429 ·’πλέον
1192 385 1209 425 ο
1230 363 1344 428 ’Βοττι-

242 477 363 562 νειάτης
386 467 466 559 ἤπερ
486 477 603 550 ἐκεῖνος
624 475 755 556 έτίμηοε
777 470 832 536 καί
857 450 1030 551 ε’σέμνυνε,
1062 466 1117 530 καί
1145 459 1183 529 ιδ
1214 458 1350 544 θυμὴρη

242 575 344 662 τοδτη
365 573 589 661 ἀφθονώτερον
619 570 843 691 ἀπειργάσατο.
885 571 1001 642 ε’κιινος
1022 567 1082 652 γὰρ
1106 560 1248 648 μοναχὸν
1269 560 1353 624 ἀπο·

244 679 350 756 δείξας
381 675 415 740 έν
435 671 624 758 βασιλίσσης
646 698 698 737 ναι
694 673 1004 797 ’μελαμφορυῦσαν
1017 671 1051 734 έκ
1071 663 1271 752 πορφυρίδος
1294 661 1353 724 καί

173 787 211 840 0
243 778 442 862 περιχρύσου
463 777 644 861 περιβολῆς,
666 772 722 838 καί
742 773 916 859 ἀειφυγίαν
941 766 1057 853 ταάτης
1081 770 1262 850 κατέκρινε·
1293 757 1379 831 καίο
1470 819 1471 852 u

243 868 283 962 ἦν
299 873 410 957 ἔξω
371 901 427 961 της
446 873 566 951 πόλεως
585 872 679 942 τόποι
700 877 735 938 εἰι
750 871 848 938 τόπου
870 873 1050 954 ἀμείβουσα
1064 864 1145 951 μετὰ
1168 867 1230 931 τών
1245 862 1349 928 ου’τα-

244 978 371 1064 δίλφοιν
392 978 511 1058 αάτοῦ,
533 1001 584 1041 και
581 975 680 1040 'ursiuli
703 970 880 1094 συνεχώρει
901 970 958 1048 τάς
979 971 1121 1055 θηλείας,
1142 966 1265 1050 οοραιάς
1287 955 1350 1026 ον’-

243 1103 303 1155 σας
327 1077 406 1162 πρὸς
425 1076 537 1160 νόμον,
560 1079 593 1152 ές
622 1074 738 1162 ἀνδρός
756 1069 909 1162 φοιτῆσαι
930 1076 1064 1155 νομίμου
1086 1069 1141 1135 καί
1161 1066 1196 1135 τδ
1219 1067 1258 1155 τῇ
1280 1063 1350 1152 φά-

243 1205 293 1248 σει
315 1183 592 1270 κεχρεωστημένον
621 1178 882 1297 ἀφοσιώσασθαι.
925 1171 998 1239 ὅδὲ
1025 1167 1233 1255 Βοτανειώτης
1258 1163 1347 1240 έντδς

244 1283 300 1366 τῆς
322 1278 441 1356 πόλεως
469 1287 626 1346 συνοικεῖν
654 1276 751 1362 μετὰ
745 1304 825 1343 τοιν
856 1278 977 1342 παίδων
1001 1269 1099 1358 αὐτην
1128 1266 1398 1364 συνεχώρησε,10
1472 1334 1473 1380 ,

244 1385 300 1448 καί
319 1378 374 1447 ι’σα
396 1382 450 1445 καί
467 1385 589 1465 μητέρα
610 1383 724 1463 ε’τίμα,
749 1379 803 1444 καί
831 1378 907 1453 τούς
929 1377 1045 1454 παῖδας
1074 1367 1174 1456 αὐτῆς
1197 1373 1351 1496 ἐπιφανε-

245 1487 371 1559 στώτοις
391 1480 589 1567 έλάμπρυνεν
610 1480 783 1562 ἀξιώμασι,
803 1478 858 1544 καί
880 1487 1024 1603 συνεχεῖς
1047 1473 1170 1558 δωρεὰς
1192 1474 1277 1598 αάτρῑ
1293 1495 1349 1536 και

246 1587 395 1658 παντοίας
415 1576 605 1668 εὐεργεσίας
619 1584 816 1661 κατέπεμπε,
844 1581 899 1645 ναί
916 1581 1014 1664 τριών
1034 1581 1190 1662 σεκρὲτονν
1213 1577 1268 1639 καί
1286 1573 1349 1639 τών

248 1678 354 1749 ἀλλων
374 1687 522 1768 χρησιών
542 1687 658 1766 κυριάν
686 1679 805 1768 ταύτην
838 1684 998 1768 ἀπέφηνε,
1027 1682 1082 1743 καί
1103 1675 1347 1742 πολυταλάντων

248 1782 381 1866 εισὸδοιν
403 1785 545 1869 η’ξίινσεν.
590 1782 670 1848 ἀλλά
697 1783 753 1848 καί
772 1780 829 1859 τάς
852 1785 1034 1866 θυγατέρας
1061 1779 1160 1864 αὐτῆς
1181 1774 1260 1863 πρδς
1286 1800 1351 1859 χιι·
1329 1781 1397 1835 ι-’λδ
1474 1858 1475 1874 ρ

246 1883 343 1971 μικην
363 1885 492 1968 ὁμιλίαν
513 1889 619 1950 ituro
638 1885 854 1972 συνεχώρησε,
880 1887 935 1949 καί
952 1891 1017 1958 τοις
1037 1880 1175 1964 πρώτοις
1194 1879 1256 1945 τών
1269 1901 1352 2000 ραχ-
1474 1875 1475 1896 ’

249 1993 401 2072 κλητικών
421 1984 456 2051 τδ
480 1988 575 2070 κηδσς
586 2011 704 2052 τουτων
724 1987 952 2069 συμπλακηναι
972 1987 1152 2049 κατένευσε.
1197 2005 1251 2045 και
1245 1971 1351 2054 ’δλονς

250 2091 414 2173 χαρμονῆς
433 2087 489 2152 καί
509 2090 670 2173 θυμηδίας
701 2086 760 2172 τήν
782 2087 1045 2171 δυοτνχοῦσαν’
1030 2089 1084 2150 snt*
1103 2086 1170 2150 τοῦ
1197 2077 1364 2166 βασιλεύ--

254 2213 369 2268 σαντες
392 2188 504 2266 παιδὸς
525 2215 578 2255 ant
575 2187 821 2275 θρηνοῦσαν
805 2215 820 2253 o
843 2188 1009 2274 ἀλλότριος
1029 2213 1082 2252 και
1079 2189 1190 2264 ξένος
1219 2209 1275 2250 τον
1261 2179 1353 2280 ἀλ-

250 2314 351 2374 ματος
368 2293 468 2375 ου’τῆς
486 2288 641 2374 βασιλεδς
662 2294 822 2378 ἐνέπλησε,
845 2289 900 2354 καί
920 2291 1090 2374 περίοπτον
1111 2279 1244 2353 πλέον’
1224 2309 1304 2371 ηπερ
1307 2273 1398 2356 ro'oo

251 2389 403 2477 πρότερον
419 2389 554 2473 ἔδειξεν.

340 2492 494 2561 ”οδέ
458 2520 516 2579 την
535 2498 595 2562 τοῦ
615 2499 773 2594 βασιλέως
803 2499 989 2616 προαίρεριν
1016 2494 1195 2617 ’δπερτέραν
1222 2486 1355 2598 ἀνθρα-
1476 2520 1477 2529 ¹

252 2600 343 2681 πίνης
364 2596 509 2676 διανοίας
531 2599 688 2685 ἐξέφαινε,
708 2599 802 2662 τοῦτο
831 2579 871 2683 δι’]
895 2596 950 2661 καί
972 2590 1095 2683 ρἠτέον.
1140 2594 1169 2658 5
1186 2597 1245 2661 τοῦ
1274 2617 1356 2682 προ-

323 2788 350 2841 3.
369 2786 469 2855 τιιδιης
489 2787 519 2842 G·
755 2794 758 2798 ’
1001 2777 1021 2811 “’

267 2956 269 2964 ’
320 2939 406 2999 'bod
425 2945 504 2998 etiarn
522 2898 633 2997 mareri
657 2943 736 2997 buius
764 2944 850 3015 magis
866 2944 1020 2998 Bataniates
1039 2958 1116 3014 qnam
1142 2944 1192 2997 illa
1212 2944 1357 2999 honorarit

254 3024 282 3071 et
299 3018 402 3070 veritus
422 3025 463 3073 est
482 3025 509 3069 et
530 3024 605 3086 gratu
625 3016 687 3069 buin
706 3015 849 3087 benignius
868 3016 942 3069 lecit.
961 3016 1010 3071 ille
1029 3019 1099 3070 enim
1116 3016 1273 3069 monacham
1290 3018 1357 3071 red.

254 3091 320 3142 dens
339 3106 373 3141 ex
389 3090 485 3159 regina
505 3097 531 3141 et
550 3088 709 3157 squallidum
730 3106 764 3141 ex
782 3105 900 3157 purpura
919 3098 946 3141 et
964 3106 1046 3142 aureo
1066 3092 1164 3143 amictu
1185 3090 1265 3141 etiam
1284 3106 1357 3144 sera.

151 3223 153 3228 Ι
253 3161 352 3230 piterni
369 3161 444 3214 exilii
465 3160 534 3213 hane
553 3162 704 3213 damnauit:
723 3168 803 3229 atque
825 3170 881 3213 erat
900 3169 974 3214 extra
987 3163 1088 3226 urbem,
1108 3162 1196 3214 locum
1214 3161 1277 3214 loco
1295 3178 1358 3213 mu.

252 3241 312 3286 tans
333 3248 392 3284 enm
414 3233 539 3286 iratribus
560 3234 634 3286 eius:
660 3248 749 3302 neque
769 3233 950 3298 concedebat,
973 3242 1001 3285 ut
1017 3234 1179 3287 necessitate
1199 3232 1358 3287 laminarum

254 3306 283 3357 in
300 3305 494 3357 matrimonium
515 3305 567 3358 viri
588 3322 622 3356 ex
639 3320 713 3358 more
745 3306 798 3358 iret
816 3314 842 3357 et
866 3313 978 3358 naturae
1003 3305 1091 3358 debita
1107 3306 1235 3373 placaret.
1273 3306 1360 3360 Bota-

253 3376 340 3428 niates
359 3386 446 3429 nutem
466 3379 536 3429 iutra
557 3375 649 3429 urbem
668 3374 789 3429 habitare
818 3394 876 3429 cum
893 3377 987 3430 libe'ris
1008 3393 1175 3445 eompassus
1196 3387 1251 3443 est,
1278 3386 1360 3447 atque

254 3454 285 3500 ut
303 3455 412 3502 matrem
432 3448 581 3501 honorabat
608 3456 635 3500 ot
663 3448 733 3502 lilios
754 3450 811 3501 eius
830 3447 991 3517 'clarissimis
1017 3448 1167 3502 illustrabat
1185 3450 1359 3518 dignitatibus

257 3524 285 3571 et
303 3522 429 3573 continua
455 3521 523 3573 dona
547 3522 572 3572 ei
598 3529 625 3571 et
649 3520 724 3572 uaria
742 3522 874 3574 beneficia
893 3522 1030 3585 mittebat,
1053 3529 1079 3573 et
1097 3522 1175 3572 trium
1193 3531 1361 3575 secretorum

258 3597 285 3643 et
305 3599 453 3645 ceterarum
471 3609 560 3645 rerum
572 3591 677 3644 utilium
697 3592 827 3645 dominam
843 3592 910 3645 hana
930 3594 1046 3655 ostendit
1065 3600 1091 3658 et
1108 3592 1250 3647 multorum
1268 3593 1360 3647 talon-

188 3680 194 3687 ·
232 3671 343 3714 ·torum
362 3664 491 3718 reditibus
504 3664 694 3733 dignatusest
716 3664 763 3716 sed
784 3665 862 3716 etiam
875 3665 943 3717 illias
967 3665 1024 3717 eius
1043 3666 1070 3716 iu
1096 3666 1247 3733 nuptiarum
1266 3666 1360 3719 socie-

257 3736 366 3785 tatem
358 3750 399 3785 ure
417 3750 510 3803 passus
530 3742 570 3786 est
592 3742 618 3785 ot
637 3734 802 3817 principibus
835 3742 984 3789 senatorum
1005 3736 1159 3789 affinitatem
1178 3737 1273 3789 borma
1292 3751 1362 3788 con-

259 3803 335 3871 iungi
353 3806 461 3857 adnuit:
481 3814 560 3875 atque
581 3807 688 3857 omniuo
705 3806 802 3875 gaudio
822 3816 850 3858 et
861 3806 995 3859 hilaritate
1007 3806 1144 3861 infelicem
1163 3808 1212 3861 sub
1229 3815 1362 3878 regnante

258 3872 315 3925 olio
336 3882 363 3926 et
383 3884 511 3928 moestam
530 3879 690 3947 peregrinus
711 3886 737 3929 et
756 3877 895 3931 alienusa
918 3880 1048 3946 sanguine
1080 3880 1137 3933 eius
1161 3896 1209 3933 rex
1227 3879 1360 3949 implevit:

239 3952 340 4014 ‘atque
361 3946 459 4000 claram
478 3950 562 4017 magis
582 3966 659 4018 quam
680 3956 758 4003 antea
776 3951 901 4003 ostendit.

357 4044 435 4109 Quod
453 4054 541 4099 autem
560 4048 635 4115 regis
652 4047 820 4102 voluntatem
834 4049 1001 4134 superiorem
1016 4012 1130 4100 hnmano
1149 4046 1264 4101 oonsilio
1282 4060 1362 4104 anon-

256 4116 367 4183 ntrabat
389 4118 568 4189 unoquoque
589 4120 727 4174 meandum
748 4128 797 4175 est.
841 4120 939 4191 prioris
962 4122 1036 4203 regis
1059 4119 1362 4189 interveneramus,
