2967 4825
591 174 799 248 amous..
1138 117 1241 256 ¹au

144 336 197 398 λον
217 333 257 420 τῇ
278 333 408 423 δρρήτρι
430 337 519 423 φορᾷ
537 336 591 401 καί
613 332 1087 418 ἐκτινάξειπρσπαρασσόμενον,
1112 333 1170 421 τὴν
1184 335 1246 422 ῥῆ-
1305 355 1309 369 ·
1343 401 1346 404 .

145 437 192 510 ξιν
209 435 321 512 βιαίαν
344 437 401 499 καί
422 431 583 518 ἀπότομον
604 439 757 519 ἐμποιεῖν.
802 433 957 520 τοσαύτην
981 439 1007 499 δ’
1029 428 1113 502 εἶναι
1136 439 1177 524 τῷ
1193 460 1246 501 ιιε-

92 536 98 540 ’
144 537 265 622 ραυνίρι
286 533 366 617 πυρί
383 533 441 618 τὴν
463 537 602 620 φυσικήν
624 561 706 621 φασι
728 539 953 620 λεπτομέρειαν
975 533 1018 612 ιδς
1040 540 1122 622 μηδὲ
1145 536 1248 604 δόνει·

143 635 223 696 σθαι
246 633 481 716 καταβλάπτειν
502 636 537 701 τό
560 637 662 717 μανόν
684 632 706 720 ἢ
725 635 927 722 ὁπωσδήποτε
952 630 1009 702 σόν
1033 640 1153 722 πόρους
1173 635 1248 721 ἔχει

111 733 236 814 ὅσιόμα
258 725 280 816 ἢ
300 737 453 818 βραχείας
480 738 581 818 δοιός,
611 734 703 804 δποϊό
727 729 790 806 εἶσι
822 741 860 803 τό
890 761 925 802 τε
955 743 1019 804 τῶν
1046 735 1246 823 δφασμάτιον

142 837 246 898 πότιλα
266 834 322 899 καί
343 828 404 900 όσα
430 840 577 904 τοιαῦτα·
619 843 675 904 καί
692 843 841 906 τυσοῦτον
864 835 932 923 δτι,
954 833 1014 904 κάν
1033 838 1116 926 τόχῃ
1139 840 1245 912 λινοῦς

143 931 366 1016 α’πόδεσμοςή1
391 934 639 1018 βαμβόιιινος)
606 966 635 1022 η
665 933 776 1023 ἑτέρας
805 933 882 1024 υλης
911 941 1129 1023 ίξυφασμόνον
1164 933 1246 1021 apel*
1312 972 1314 976 ·

142 1037 258 1098 σπεδον
279 1035 511 1118 ἀπόδεσμον
490 1063 562 1122 εχον
593 1043 755 1123 χρυσίου,
790 1043 931 1127 όμιιὲση
949 1042 985 1102 δὲ
1014 1038 1168 1123 κεραυνός
1199 1041 1273 1113 εἰσί.
1286 1052 1371 1109 237τ

69 1164 73 1177 ¹
142 1131 238 1214 ου’τό,
275 1132 308 1200 τὸ
337 1138 396 1216 μὲν
425 1147 583 1222 χρυσιόν
578 1143 724 1206 α’λλοιοι·
749 1140 803 1214 καί
832 1140 875 1215 τός
915 1143 948 1205 ἐν
979 1142 1098 1226 χωνείᾳ
1130 1135 1244 1224 φλογὸς

95 1235 198 1307 lodan
225 1239 329 1317 βάλον
365 1246 464 1320 ποιεῖ,
498 1238 532 1304 τό
571 1243 606 1308 δὲ
639 1244 698 1306 τοῦ
729 1236 920 1327 υφάσματος
950 1234 1113 1320 σωμάτιον
1144 1237 1246 1321 άβλο*

140 1339 197 1418 dtr
217 1338 453 1420 καταλιμπάνει
498 1340 552 1406 καί
572 1342 626 1408 ἐπί
644 1347 700 1408 τοῦ
723 1339 895 1426 α’νδριόπου
919 1341 1001 1406 δὲε
976 1340 1145 1416 τοσαύτας
1190 1335 1246 1403 διά

142 1436 204 1525 χάρ
228 1443 292 1504 τάν
311 1439 438 1524 ἀδήλων
460 1441 643 1524 πόρωντοό
663 1445 811 1526 σώματος
831 1444 933 1507 adzeri
955 1439 1179 1525 εἰσερχόμενον
1205 1436 1245 1506 τά
1283 1447 1291 1455 “

139 1543 202 1622 μὲν
224 1536 312 1606 ἔνδον
333 1539 432 1606 αότοῦ
455 1537 498 1617 αῖς
520 1542 699 1628 όλικοότερα
722 1543 778 1608 καί
799 1541 917 1626 πόρους
940 1539 985 1625 μὴ
1002 1539 1123 1624 ’ἔχοντα
1146 1565 1247 1606 νοτυ-

141 1646 277 1722 νόμεται.
324 1641 358 1706 τό
383 1644 412 1706 δ’
435 1634 553 1720 ἔξωθεν
570 1648 664 1725 σιόμα
686 1643 835 1720 πολλάκις
850 1643 889 1706 οδ
905 1645 1103 1728 καταφλίχει,
1125 1637 1247 1706 aetsi-

94 1747 284 1828 ιῠρίσκεται
308 1745 428 1827 κοῦφον
452 1747 515 1808 τῶν
545 1745 715 1810 ε’νιοσδιλον
743 1743 932 1827 σπλάγχνων
964 1745 1110 1820 καθάπαξ
1142 1743 1247 1808 λειπό.

140 1866 247 1924 μενον.
294 1840 324 1907 ol
348 1846 383 1908 δὲ
404 1845 529 1908 ίδιιόται
549 1847 699 1928 μίχιστον
720 1841 849 1928 ἑρπετόν
867 1846 1090 1926 ιδραιιοντοῖδεςΙ
1117 1845 1250 1910 άντέλε·
1318 1871 1320 1873 ·

140 1967 197 2027 χον
218 1941 276 2027 τὴν
309 1945 416 2010 αἰτίαν
440 1941 672 2011 τῶντοιούτων
700 1946 838 2027 εἰσάγειν
860 1946 996 2024 παθῶν,
1028 1941 1247 2026 ἁρπαζόμενον

140 2046 202 2126 μὲν
223 2039 286 2108 dud
312 2043 452 2127 όοράτου
473 2044 558 2121 τινός
580 2043 765 2127 δυνάμεως,
784 2038 873 2122 ὄνυξι
897 2046 932 2109 δὲ
960 2044 1015 2109 καί
1035 2044 1170 2124 δυνάμει
1193 2047 1249 2128 τῆς

140 2149 177 2210 ἐν
195 2145 281 2233 adegi
301 2148 498 2230 τραχύτητος
519 2148 575 2212 καί
594 2149 655 2212 τάν
675 2140 812 2230 {lapurdo
839 2141 878 2210 τά
902 2145 1126 2229 προστυχόντα
1151 2147 1248 2225 διαρ-

94 2246 307 2332 λθρηγνόειν,
330 2242 410 2312 ὅπου
434 2248 557 2332 δηλαδὴ
577 2247 660 2338 τύχῃ
682 2245 737 2324 τάς
771 2248 978 2321 άντιπτοόσεις
1009 2249 1062 2309 καί
1090 2245 1249 2311 άντισπά-

141 2369 211 2423 σεις
234 2347 335 2413 αὐτοῦ
357 2352 575 2433 προαερείδειν
594 2354 654 2414 ,καί
677 2349 873 2431 ἀντιβαίνειν
895 2355 958 2422 τοῖς
980 2345 1118 2411 ἕλκουσα

245 2447 314 2516 Καί
335 2446 370 2513 τό
392 2453 453 2531 μὲν
475 2448 510 2515 ἐκ
530 2453 589 2515 τοῦ
614 2453 707 2534 α’έρος
729 2453 845 2532 δεῖγμα
866 2452 1006 2514 τοιοῦτον
1031 2448 1087 2513 καί
1098 2450 1246 2514 τοσοῦτον

141 2557 207 2624 τοῖς
237 2550 492 2635 φιλοπράγμοσιν
520 2553 681 2632 ε’μποιοίν.
725 2549 740 2613 ό
773 2554 808 2615 δὲ
829 2548 982 2634 βασιλεός
1002 2551 1063 2615 τάν
1085 2550 1247 2634 προτίριον

218 2695 260 2762 16.
268 2705 486 2832 1ἑρπεστίινλ)
539 2713 582 2764 23
601 2720 663 2779 post
680 2713 820 2786 ἐμποιοῦν
844 2712 921 2768 deest
944 2711 1102 2786 δισταχμόν
1120 2709 1167 2797 vel
1186 2707 1249 2779 qnid

216 2782 313 2834 simie.

146 2928 288 2983 lraeturam
312 2929 459 2981 uiolentam
486 2937 513 2981 et
530 2931 705 2997 praeeipitem
724 2931 857 2983 excitare:
886 2938 985 2984 motam
1004 2938 1172 2984 autemeam
1191 2929 1248 2984 tet-

146 3002 234 3053 mineo
254 3000 311 3069 igni
330 2999 478 3052 naturalem
496 3002 669 3065 tenuitatem,
688 3011 718 3053 ut
735 3017 790 3053 non
814 3003 900 3069 possit
922 3003 1017 3055 damno
1036 3002 1146 3053 allicere
1166 3010 1249 3057 tenne

138 3069 193 3124 ,rel
211 3072 401 3140 quovismodo
434 3081 535 3124 meatus
563 3072 664 3125 habens
688 3088 785 3140 eorpus
813 3072 859 3125 vel
877 3073 972 3125 brevia
996 3073 1135 3136 foramina,
1155 3072 1249 3140 quales

147 3152 209 3196 sunt
226 3150 358 3195 textorum
378 3152 468 3197 vestes
485 3151 512 3195 et
525 3141 604 3195 talia:
622 3152 704 3214 atque
722 3146 775 3208 ita,
795 3152 824 3194 ut
841 3146 864 3196 sl
885 3152 926 3197 est
947 3160 980 3211 ex
998 3144 1054 3195 lino
1075 3144 1251 3212 ligamentum

147 3214 193 3266 vel
209 3214 398 3281 bombycinum
426 3216 471 3268 vel
491 3214 596 3267 exalia
620 3216 730 3267 materia
756 3224 828 3267 texta
846 3217 937 3267 instita
956 3216 1128 3284 ligamentum
1141 3214 1248 3268 ‘lesem

148 3302 266 3351 aureum,
288 3294 314 3337 et
331 3286 425 3339 incidit
445 3286 546 3339 fulmen
565 3288 592 3338 in
612 3287 689 3354 illud,
709 3303 801 3339 aurum
821 3295 937 3339 mutetur
957 3295 984 3339 et
1002 3295 1126 3355 tanquam
1145 3286 1248 3339 condat.

147 3368 207 3411 tura
227 3358 346 3411 dammae
367 3375 447 3416 unum
472 3359 582 3427 globum
598 3367 749 3426 componat,
769 3368 868 3411 textum
898 3368 986 3411 autem
1006 3373 1102 3426 corpus
1121 3359 1252 3410 intactum·

111 3464 116 3471 ·
147 3430 299 3500 relinquat:
318 3438 397 3498 atque
416 3432 444 3483 in
466 3430 573 3482 bomine
591 3432 664 3482 item.
703 3431 892 3498 perobscuros
919 3432 988 3481 enim
1006 3438 1109 3483 meatus
1128 3431 1250 3496 eorporis

147 3506 313 3571 ingressum,
340 3502 483 3558 interiores
510 3504 568 3554 eius
586 3512 690 3570 partes,
718 3511 748 3554 ut
765 3504 850 3571 magis
877 3516 1019 3569 corporeas
1038 3517 1127 3569 neque
1146 3508 1249 3555 menius

148 3574 287 3637 habentes,
305 3574 441 3657 depaseit,
469 3583 607 3626 externum
633 3583 721 3626 antem
748 3589 845 3641 corpus
873 3589 953 3641 saepe
981 3588 1035 3625 non
1055 3573 1209 3636 comburit3
1223 3579 1250 3622 et

148 3646 284 3698 invenitur
304 3645 383 3696 inane
408 3646 542 3698 intestinis
561 3646 650 3701 subito
670 3646 802 3699 relietum.
851 3646 968 3712 imperiti
987 3653 1075 3697 autem
1095 3651 1188 3697 eontra
1204 3644 1248 3695 di-

150 3716 245 3769 cebant
263 3716 404 3767 maximum
423 3733 541 3769 vermem
563 3719 688 3770 draconis
705 3719 789 3770 instar
808 3732 911 3769 causam
930 3717 1023 3767 talium
1041 3716 1148 3769 inferro
1161 3710 1249 3767 malo

148 3805 220 3840 rum.
246 3796 348 3855 raptum
373 3788 406 3839 ab
425 3788 557 3839 invisibili
581 3789 715 3855 potentia,
740 3788 874 3855 unguibus
894 3795 980 3839 autem
1010 3797 1037 3839 et
1055 3788 1082 3839 vi
1102 3786 1251 3839 celeritatis

150 3868 177 3913 et
197 3858 329 3912 turbinum
353 3859 466 3921 adversa
484 3876 673 3927 perrumpere,
693 3860 799 3927 quando
818 3858 905 3910 illidat
934 3860 1095 3911 contrarium
1115 3872 1202 3909 oasam
1223 3864 1251 3909 et

148 3932 328 3983 resistentiam
356 3939 383 3981 et
402 3939 543 3983 contrane
562 3931 698 3983 trabentes
718 3939 778 3995 eat,
799 3938 879 3997 atque
899 3945 932 3981 ex
950 3934 1013 3981 aere
1032 3937 1177 3982 monstrum
1194 3929 1250 3981 tale
1305 3938 1308 3943 '

152 4011 178 4056 et
196 4010 297 4055 tantum
316 4002 466 4069 negotiosis
486 4001 603 4056 efficere.

252 4091 303 4143 Sed
322 4107 370 4144 rex
389 4090 523 4159 prioribus
536 4094 645 4147 studens
665 4101 692 4145 et
708 4098 790 4145 noctu
810 4098 837 4143 et
854 4091 897 4143 die
917 4087 1088 4161 generalibus
1107 4090 1187 4145 rebus
1206 4090 1253 4143 ibe
1312 4087 1318 4097 '
