2967 4825
220 241 294 323 sss
349 284 354 289 -
470 211 474 219 ’
517 239 736 318 armamus
765 235 1026 311 anactoria

219 437 255 478 τε
276 408 331 476 καί
349 413 480 476 πέλασεν.
523 406 578 472 διά
606 408 708 472 ταῦτά
733 429 783 471 τοι
806 407 860 469 καί
888 402 984 484 νόμον
1014 401 1090 483 περί
1119 398 1224 464 αὐτῶν
1242 397 1321 462 άντ-

219 510 370 596 γράψατο
391 512 451 594 την
471 507 622 594 τοιαάτην
650 511 830 585 πλεονεξίαν
861 507 916 568 καί
946 501 1167 584 δεινοπραξίον
1199 501 1321 562 διακω-

219 611 345 698 λάοντα,
371 611 413 686 τάς
433 615 478 686 εἰς
499 608 619 683 πάντας
637 607 713 683 τούς
731 604 915 689 βασιλικοὺς
938 599 1129 687 ἀνθρώπους
1150 599 1320 684 δφέρπου-

218 737 280 779 σαν
302 738 354 776 και
374 721 438 785 τοῖς
461 711 628 792 βασιλεῦσι
648 706 704 790 τὴν
721 709 867 771 δουλείαν
890 704 1130 784 δποστεροοσαν
1153 703 1215 764 τάν
1231 702 1322 762 πλεί-

220 836 301 880 στων
320 818 376 880 καί
396 813 526 895 αγαθιον
536 811 663 892 ανδρων
677 808 768 896 φάβιρ
790 810 845 890 τῆς
869 806 983 888 πικροῖς
1003 827 1054 866 και
1051 801 1261 884 βιαστικῆς’
1247 825 1320 864 επι-
1300 807 1350 861 -5

221 921 341 989 θέσεως
363 909 487 993 ταάτης.
533 935 583 973 και
581 912 727 993 μηδένα
751 907 871 973 τούτων
893 901 909 967 ὃ
931 902 1096 977 θειότατος
1118 893 1206 977 οὗτος
1225 905 1323 982 βασι-

130 1065 134 1072 -
223 1014 297 1090 λεύς
327 1012 514 1096 ἐδογμάτισε
548 1034 601 1073 και
632 1011 800 1074 ἐθέσπισεν
829 1005 892 1071 εἴτε
919 1005 1028 1078 ονόιόις
1061 1002 1231 1088 άφαίρεσιν
1259 999 1321 1066 εἴτε

224 1114 400 1198 έναλλαγὴν
421 1111 643 1184 καταστάσεως
663 1108 719 1175 εἴτ’
742 1101 838 1192 άλλης
861 1107 930 1173 τινά
951 1107 1071 1190 βλάβης
1080 1107 1136 1168 καί
1155 1099 1323 1175 κακώσεως

224 1219 433 1300 περιπέτειαν,
453 1215 483 1277 εἰ
501 1209 547 1295 μή
571 1213 606 1274 ἐκ
629 1213 817 1292 δοκιμασίας
837 1211 894 1273 καί
914 1202 1194 1291 διαγνώσεως-καί
1214 1205 1323 1284 νόμοις

224 1317 427 1400 ἡρμοσμένην
458 1338 491 1378 τε
513 1316 568 1377 καί
597 1309 799 1400 σονηὶδουσαν
823 1308 986 1393 άπόφασιν
1013 1303 1221 1388 άπενέγκοιτο.
1268 1301 1374 1366 ori-10

226 1420 304 1482 κοάν
326 1415 381 1480 καί
410 1413 525 1488 πάντες
557 1414 756 1495 εὐχαρίστως
786 1408 819 1474 τὸ
849 1414 905 1474 τοῦ
935 1409 1087 1490 δόγματος
1115 1402 1327 1485 έννομάτατοι

227 1518 282 1582 καί
302 1513 505 1580 δικαιότατον
520 1511 550 1578 οἱ
572 1518 627 1598 τῆς
646 1517 819 1590 πολιτείας,
839 1515 893 1575 καί
904 1503 973 1574 ὅσοι
986 1511 1041 1590 τῆς
1055 1505 1233 1628 συγκλήτου
1247 1509 1328 1584 βου-

228 1622 296 1702 λῆς,
319 1617 484 1695 δεξάμενοι
505 1641 556 1679 και
552 1613 806 1694 ἀποδεξάμενοι
826 1617 887 1697 (εις
910 1612 1043 1694 ἐπήκοον
1064 1608 1129 1732 γάρ
1146 1609 1328 1691 ανεγνοδσθη

231 1721 373 1818 πάντων)
397 1722 529 1790 πολλαῖς
544 1716 728 1799 ευφημιάις
752 1716 805 1778 καί
828 1714 951 1796 κρότοις
972 1733 1170 1793 τονευρετην
1180 1735 1241 1774 τιον
1252 1715 1331 1772 καλ

230 1811 344 1884 λίοτοον
363 1841 415 1881 και
413 1813 656 1898 έλευθεροοτὴν
678 1816 742 1878 τῶν
765 1812 980 1896 άνθράπων’
965 1813 1121 1896 ετίμησάν
1142 1835 1177 1874 τε
1201 1815 1256 1874 καί
1270 1802 1329 1889 {ips-
1315 1819 1376 1872 -15

228 1941 327 2002 νησαν
350 1916 393 1994 οἷς
418 1939 469 1979 και
491 1914 597 1979 κοινὸν
618 1916 786 1998 ευέργέτην
816 1907 890 1979 ὅντα
918 1920 982 1987 τοϊς
1010 1919 1122 1986 κοινοῖς
1150 1912 1331 1996 παραγγέλ-

229 2043 310 2100 μασι
331 2021 387 2081 καί
407 2015 616 2097 θεσπίσμασι,
637 2020 692 2078 καί
712 2015 908 2101 ι’δίᾳπάντας
930 2011 1214 2096 aestatemagis
1236 2015 1330 2076 &neos

229 2118 420 2205 φραίνοντα,
443 2121 497 2182 καί
515 2116 553 2182 τά
577 2119 678 2181 οἰκεία
698 2116 911 2199 χαριζόμενον
932 2119 1050 2180 δίκαια.
1092 2111 1228 2189 πολλοάς
1250 2109 1330 2199 γάρ,

191 2221 194 2223 Δ
230 2223 353 2300 μάλλον
380 2221 416 2283 δέ
445 2211 611 2299 ἅπαντας,
639 2227 707 2292 ταῖς
738 2221 1024 2305 προαφηρημέναις
1052 2218 1173 2281 τούτων
1208 2217 1331 2290 οὐσίαις

169 2311 172 2317 ’
230 2319 478 2406 ἀποκατέστησε,
499 2325 553 2385 καί
572 2321 709 2384 κάθοδον
731 2320 839 2384 ου’τῶν
866 2316 898 2396 ἐξ
925 2313 1105 2402 άπεροριῶν
1126 2316 1306 2402 ἑψηφίσατο
1321 2323 1377 2397 ,20

234 2422 290 2485 καί
310 2428 472 2503 κειμένους
494 2417 556 2507 ἤδη
578 2422 632 2487 καί
662 2425 855 2502 τεθυμένους
877 2420 1021 2507 ε’ζιάοισε,
1051 2421 1106 2485 καί
1137 2419 1232 2505 πνοην
1265 2422 1331 2484 ε’νέ·

230 2533 365 2590 πνευσεν
385 2516 421 2606 ἧς
434 2523 468 2589 τά
493 2525 634 2607 πρόσθεν
656 2526 833 2609 ἐστέρηντο.

331 2646 401 2709 Καί
421 2644 453 2706 τί
470 2639 534 2726 χρη
555 2640 595 2706 τά
618 2640 718 2706 πολλά
740 2648 861 2725 λέγεινς
886 2640 913 2707 εἶ
934 2640 1039 2717 πάσας
1058 2640 1134 2706 κατά
1156 2644 1252 2724 μέρος
1274 2639 1332 2713 τάς

233 2742 348 2807 τούτου
367 2742 600 2827 μεγαλουργιλις
622 2737 841 2828 α’ναγράπτους
864 2750 964 2807 ποιεῖν
985 2739 1204 2824 ἐπιβάλλοιμι,
1226 2736 1333 2823 ὅμοιος

304 2928 331 2984 ⁶·
348 2923 492 3001 ascet

232 3102 447 3169 persecutionem
467 3100 544 3152 bano.
588 3109 667 3185 atque
686 3102 818 3167 neminem
843 3100 936 3153 horum
955 3100 1066 3153 maxime
1092 3101 1198 3154 divinus
1224 3101 1268 3154 hic
1286 3116 1336 3154 rex

233 3173 389 3224 diiudicarit
404 3189 494 3241 neque
515 3174 656 3239 imperavit
680 3174 745 3224 sive·
757 3172 884 3226 bonorum
905 3175 1070 3240 ereptionem
1085 3174 1144 3225 sive
1163 3176 1335 3226 mutationem

233 3245 398 3297 conditionis
417 3246 476 3295 sive
507 3244 579 3296 aliud
599 3246 686 3296 damni
706 3254 732 3296 et
745 3244 908 3296 calamitatis
927 3245 1089 3310 discrimen,
1108 3246 1160 3296 nisi
1180 3262 1210 3297 re
1232 3246 1336 3297 exami-

233 3325 296 3369 nata
315 3323 342 3367 et
360 3316 504 3367 diiudicata
521 3324 547 3367 et
560 3316 666 3385 legibus
685 3317 907 3367 accommodatam
924 3324 950 3367 et
969 3319 1155 3368 concinentem
1175 3319 1335 3369 sententiam

237 3389 382 3454 acciperet
404 3402 469 3455 ergo
490 3390 568 3439 ctiam
588 3403 679 3440 omnes
700 3396 777 3472 grato
795 3389 883 3440 animo
902 3389 1037 3439 decretum
1057 3390 1169 3441 maxime
1187 3389 1336 3457 legitimum

237 3460 379 3511 etinctum
405 3460 479 3511 cives
506 3468 532 3511 et
556 3468 695 3511 senatores
721 3461 885 3527 accipientes
913 3468 939 3511 ct
957 3460 1120 3526 recipientes
1141 3464 1243 3529 (corum
1266 3462 1335 3512 enim

236 3531 358 3582 omnibns
375 3532 515 3583 recitatum
535 3536 588 3600 cst)
608 3532 698 3584 multis
716 3531 839 3583 laudibus
860 3539 887 3581 et
906 3531 1064 3583 clamoribus
1084 3532 1252 3585 inuentorem
1272 3532 1336 3601 pul.

237 3602 428 3654 cherrimorum
454 3591 481 3653 el
503 3601 676 3654 liberatorem
705 3603 840 3654 bominum
867 3603 1032 3655 honorarunt
1056 3603 1280 3673 celebraruntque
1308 3612 1337 3656 ut

238 3675 283 3741 qui
303 3681 330 3723 et
348 3673 457 3739 publice
474 3674 611 3725 beneficus
633 3681 704 3725 essct
728 3674 936 3726 communibus'
929 3676 1009 3725 russis
1031 3682 1057 3726 et
1076 3675 1180 3740 edictis,
1199 3684 1226 3726 et
1243 3677 1337 3743 priva-

239 3750 281 3794 tos
301 3756 392 3793 omnes
418 3752 549 3809 perpetuo
579 3744 760 3810 exhilararet,
786 3755 812 3797 ct
837 3746 982 3797 domestica
1010 3746 1146 3800 donaret
1139 3763 1212 3799 1ura:
1240 3747 1337 3801 multos

240 3814 320 3877 enirn,
338 3814 476 3881 magisque
496 3830 587 3867 omnes
606 3818 633 3866 in
652 3816 722 3868 bona
736 3825 814 3868 antea
833 3824 925 3885 erepta
937 3819 1055 3869 restituit
1070 3827 1096 3869 et
1113 3820 1226 3871 reditum
1247 3835 1338 3872 eorum

241 3900 274 3935 ex
294 3885 390 3936 exsilio
409 3887 530 3939 decrerit
552 3896 578 3938 et
599 3889 717 3939 iacentes
736 3889 787 3940 iam
809 3898 835 3939 et
852 3888 1001 3941 immolatos
1020 3892 1192 3942 resuscitavit
1211 3899 1238 3942 ct
1256 3893 1338 3959 spiri-

147 4026 150 4033 ·
240 3960 295 4007 tam
313 3956 427 4023 inflavit,
447 3973 499 4027 quo
519 3966 596 4009 antea
612 3961 711 4026 privati
732 3968 814 4011 erant.

339 4051 427 4123 Atque
445 4056 508 4123 qnid
528 4062 635 4122 oportet
653 4054 735 4106 multa
753 4054 873 4117 dicere?
888 4057 910 4109 si
930 4059 1018 4109 omnia
1036 4058 1163 4125 deinceps
1183 4058 1262 4115 huius
1280 4074 1340 4115 τοι

241 4139 295 4201 με
311 4123 383 4180 lacta
401 4126 553 4179 describere
571 4126 723 4195 suscipiam,
745 4126 840 4180 similis
860 4142 906 4184 ero
927 4129 977 4195 iis,
997 4131 1043 4199 qui
1070 4130 1225 4188 atlanticum
1243 4129 1340 4189 volunt
