2967 4825
1474 28 1475 83 l

249 196 325 315 ’τεο
542 231 767 311 muamus
795 226 1054 303 immersu

249 410 305 474 καί
323 407 414 472 σίτου
445 401 561 469 σπάνιν
582 401 735 485 έκέκτητο,
760 400 868 475 δεκέτεις
895 392 1084 479 όβασιλεός
1105 390 1148 479 μη
1173 392 1353 480 παραγενό-
1474 324 1476 447 ό

250 533 343 593 μενος
355 509 454 572 έκεῖσε
473 502 686 588 καινοτομὴση
704 505 745 590 τῇ
758 499 848 565 πόλει
868 496 925 575 τός
939 496 1022 575 ἰδίας
1042 494 1176 583 τροφός,
1191 516 1353 581 καταφρο-

250 610 415 697 νήσαςζόπί
428 604 626 689 συμφέροντι
641 604 755 687 ταότης
770 606 827 686 τῆς
842 600 927 677 teate
939 600 1072 684 τρυφῆς,
1087 594 1140 661 διό
1156 595 1261 663 τόπων
1277 592 1355 661 ἐλό-

250 735 310 788 σας
330 707 457 793 έρήμαν
480 704 621 789 όπερέβη
642 704 716 779 τσός
735 705 882 777 αόλοῖννας
894 702 1031 773 ἐκείνους
1051 702 1107 763 καί
1130 694 1189 773 τός
1209 694 1355 762 κλεισοό-
1475 752 1476 827 η

249 833 309 894 ρας
326 809 367 873 δι’
389 796 475 891 τόνῆ
501 804 604 889 Κοίλη
622 807 723 886 Συρία
746 806 801 886 τῆς
825 798 974 875 Κιλικίας
991 798 1178 883 χαριζεται.
1222 799 1282 886 καίΙ
1297 818 1382 869 κιο-5
1475 832 1476 883 η

250 908 375 985 τελθιόν
396 904 551 982 ἐπιπόνως
584 906 630 979 είς
650 903 741 968 πόλιν
763 906 819 987 τῆς
840 905 991 977 Κιλικίας
1014 904 1182 984 λεγομένην
1201 897 1356 978 Ἀλέξαν-
1475 894 1476 903 ’

224 1071 227 1076 .
252 1014 329 1097 όρον
352 1008 496 1096 (μεγίστη
517 1005 577 1092 γὰρ
600 1004 748 1086 ἔνθλιψις
770 1008 804 1071 ἐν
825 1010 891 1081 τοῖς
912 998 1020 1077 τόποις
1044 1001 1172 1077 ἐκείνοις
1188 1003 1231 1088 τῷ
1254 1024 1358 1085 στρα-

252 1114 374 1204 τοπέβιρ
399 1115 504 1194 γέγονε
526 1106 580 1172 διό
612 1104 647 1171 τό
670 1106 861 1189 στενόπορον
890 1105 945 1169 καί
969 1100 1003 1169 τό
1026 1098 1186 1191 ἀπότομον
1209 1106 1272 1167 τῶν
1300 1125 1358 1167 κε.

253 1217 335 1296 τροῖν
367 1213 422 1275 καί
440 1207 476 1274 τὸ
505 1210 637 1292 συνεχὲς
656 1210 724 1271 ’τῶν
745 1207 926 1293 κρημνῶν),
946 1207 1046 1269 ἐκεῖσε
1074 1203 1132 1287 την
1153 1200 1360 1289 παρεμβολήν

254 1316 310 1379 καί
329 1310 382 1379 τόν
401 1309 531 1393 χόρακα
557 1309 702 1393 πήγνυσι.
726 1311 783 1373 καί
802 1301 886 1373 οὕτω
908 1303 1045 1372 διελθών
1065 1306 1123 1387 την
1146 1302 1255 1389 χώραν
1276 1306 1359 1368 ἐκεί-
1370 1315 1407 1370 10

255 1437 321 1498 νην,
343 1411 397 1476 καί
417 1407 472 1475 τόν
497 1412 622 1493 Ταῦρον
645 1409 679 1474 τό
704 1405 777 1492 όρος
799 1409 999 1495 πανστρατιηῖ
1021 1404 1174 1487 ὑπερβάς,
1197 1401 1361 1487 εἰσβάλλει

256 1516 296 1599 τῇ
322 1512 498 1593 Ῥωμαίων.
557 1508 741 1593 ἐντυχόντες
774 1512 803 1573 δ’
832 1508 954 1593 α’θρόαν
987 1504 1017 1570 οἱ
1043 1506 1289 1599 ,στρατευόμενοι
1318 1508 1364 1593 sq?

257 1614 386 1701 κρυμνηῖ
419 1615 473 1675 καί
494 1613 532 1698 τῇ
560 1612 724 1697 συστροφῇ
752 1616 807 1693 τῆς
835 1603 915 1693 ἄγαν
943 1608 1165 1695 ψυχρότητος,
1197 1602 1232 1671 ἐκ
1257 1604 1363 1671 τόπων

258 1714 388 1796 θερμῶν
417 1712 608 1796 α’ναγόμενοι
639 1717 726 1797 (περὶ
756 1708 790 1776 τό
823 1714 911 1784 τέλος
938 1702 977 1793 ἧν
1007 1706 1021 1774 ό
1054 1710 1239 1793 δικέμβριος
1266 1708 1362 1792 μην),

258 1821 373 1900 πολλῆς
393 1808 530 1904 ᾔσθοντο
551 1818 606 1899 τῆς
621 1815 827 1899 δριμύτητος,
847 1808 943 1877 όπότε
964 1814 1080 1893 συνέβη
1104 1807 1160 1873 καί
1179 1810 1293 1883 ἵππους
1307 1812 1366 1873 καί
1376 1829 1412 1882 15
1476 1854 1477 1895 ,

259 1912 412 1999 ἡμιόνους
436 1918 490 1980 καί
510 1913 721 1999 ἀνθρώπους,
744 1910 887 2000 όσοιῃμη
923 1912 1150 1995 εόσαρκοόντες
1171 1903 1254 1995 ἦσαν
1274 1902 1297 1996 ἢ
1315 1906 1362 1993 μὴ
1476 1900 1477 1963 l

260 2017 507 2097 εόειματοῦντες,
530 2018 573 2102 τῷ
594 2016 705 2105 ἀθρόῳ
729 2019 785 2099 τῆς
800 2014 927 2097 ψόξεας
949 2014 1114 2095 α’πυψῦξαι
1136 2012 1192 2077 καί
1210 2012 1266 2095 τῆς
1285 2008 1364 2077 ὁδοῦ
1476 2046 1477 2069 r

262 2119 500 2203 προβεβλῆσθαι
525 2120 632 2196 θέαμα
655 2114 800 2183 οἴκιστον.
849 2158 851 2165 1
1476 2176 1477 2193 ,

366 2214 444 2282 Τότε
475 2215 560 2301 κόγοό
589 2221 666 2300 περί
683 2217 845 2284 στενωπόν
873 2219 929 2283 τυό
954 2213 1082 2300 Ταόρυυ
1109 2206 1204 2303 ὅρους
1222 2206 1367 2301 ἄφυκτον
1476 2206 1477 2221 ἢ

262 2322 413 2406 διέφυγον
436 2318 588 2384 κίνδυνον.
632 2314 730 2403 όγόρ
753 2321 844 2395 ἵππος
867 2323 912 2396 εἰς
934 2313 969 2383 όν
990 2316 1193 2402 ε’κιοχοόμην,
1213 2337 1366 2399 προεστε·
1375 2330 1415 2385 20

262 2547 293 2587 τι
317 2520 430 2608 μικρὸν
455 2520 530 2599 νοός
553 2520 780 2610 ἐμπροσθίους,
800 2520 875 2607 ἔσχε
898 2547 939 2607 με
960 2518 1142 2602 καταβάντα
1166 2517 1277 2586 τοότου
1301 2521 1367 2584 αό-

263 2427 482 2508 νοχαρημένος
503 2420 593 2488 οόνέκ
614 2425 739 2498 πόθους
761 2425 1002 2507 λυκοεντερικοό
1021 2424 1203 2505 λεγομένου,
1226 2417 1366 2496 σ’κλόσας
1425 2498 1430 2504 ἱ

263 2623 335 2690 τίκα
362 2620 416 2689 διό
444 2626 502 2689 τοό
526 2626 632 2705 δεξιοῦ
641 2625 788 2720 μέρους·
819 2627 877 2694 ,ἐν
899 2619 1056 2714 ἀριστερῷ
1085 2619 1147 2728 γόρ
1171 2620 1226 2686 οόκ
1249 2612 1290 2706 ἧν
1309 2618 1365 2685 διό

336 2820 379 2873 13.
398 2818 520 2895 κρυμῷθ
1477 2849 1478 2900 η

263 2993 380 3062 inopiam
398 2991 510 3046 haberet
529 3003 649 3047 metuens
669 3011 718 3047 rex
737 3011 772 3046 nc
791 2997 814 3049 si
834 2997 941 3048 adesset
959 2994 996 3047 ibi
1013 3003 1128 3048 novaret
1147 2996 1207 3048 urbi
1226 2997 1366 3063 proprium
1477 2991 1478 3012 ³

263 3070 373 3130 victum,
395 3074 544 3135 contempta
562 3076 671 3134 propter
683 3069 740 3121 eius
752 3067 894 3121 utilitatem
912 3084 960 3120 sua
977 3067 1101 3132 mollitie,
1116 3083 1164 3135 per
1174 3068 1235 3120 loca
1253 3068 1366 3134 proiec-

264 3150 307 3192 tus
326 3137 432 3190 deserta
448 3146 629 3208 transgressus
649 3149 689 3192 est
708 3139 794 3192 valles
814 3138 876 3192 illas
896 3148 922 3191 et
941 3139 1086 3203 clausuras,
1107 3139 1202 3207 quibus
1230 3138 1367 3207 Geelesy.

255 3212 305 3263 ria
327 3207 456 3262 a‘Gilicia
474 3211 601 3262 dividitur
621 3219 648 3262 et
665 3213 808 3280 degressus
827 3211 963 3264 laboriose
982 3212 1014 3263 ad
1039 3210 1131 3262 urbem
1155 3211 1268 3265 Ciliciae
1296 3227 1368 3280 quae

265 3287 378 3336 vocatur
394 3281 562 3334 Alexandrus
580 3285 708 3351 (maxima
727 3286 797 3334 enim
815 3283 980 3350 compressio
999 3284 1026 3334 in
1054 3283 1122 3335 locis
1151 3282 1206 3336 illis
1234 3284 1367 3335 exercitui

265 3353 380 3422 contigit
394 3362 507 3420 ,propter
525 3356 661 3421 augustias
679 3363 706 3406 et
725 3363 868 3421 praerupta
893 3370 957 3407 saxa
983 3363 1010 3407 et
1036 3356 1175 3407 continuas
1205 3359 1298 3424 rupes)
1328 3355 1368 3406 ibi

266 3433 355 3478 castra
374 3433 401 3476 ct
419 3424 519 3477 vallum
539 3426 624 3492 ponit,
646 3426 727 3476 etita
748 3433 888 3494 postquam
906 3427 1032 3494 pervenit
1050 3434 1147 3479 terram
1166 3426 1240 3478 illam
1259 3426 1369 3478 etTau.

159 3504 161 3507 ’
265 3512 323 3549 rum
341 3504 457 3548 montem
477 3510 535 3548 cum
556 3503 612 3546 tote
630 3497 751 3548 exercitu
771 3506 954 3566 transgressus
973 3499 1067 3550 incidit
1085 3500 1113 3549 in
1132 3497 1292 3550 Graecorum
1307 3507 1369 3549 ter.

176 3563 180 3566 ’
266 3583 340 3618 ram:
362 3567 476 3633 expositi
497 3574 585 3618 autem
602 3566 681 3619 simul
701 3568 801 3619 milites
820 3568 884 3636 gelu
912 3577 938 3621 et
963 3571 1157 3637 compressioni
1187 3566 1307 3638 frigoris,
1335 3585 1371 3621 cx

268 3637 361 3689 calidis
381 3637 449 3688 locis
468 3637 574 3688 adducti
595 3640 682 3704 (circa
700 3639 779 3689 linem
800 3649 856 3691 erat
874 3640 1016 3693 december
1033 3643 1147 3712 mensis)
1167 3641 1275 3712 multam
1300 3657 1370 3694 sen.

267 3715 360 3760 serunt
378 3710 514 3758 acritatem
534 3708 637 3775 quaudo
657 3710 772 3778 contigit
789 3713 818 3762 ut
836 3721 863 3764 et
881 3713 942 3781 equi
962 3719 989 3763 ct
1010 3712 1075 3766 muli
1096 3721 1122 3762 et
1147 3713 1278 3777 homiues,
1304 3715 1370 3781 qui.

269 3793 382 3846 cumque
397 3793 452 3830 non
470 3778 560 3830 multo·
574 3794 687 3848 corpore
708 3792 782 3835 crant
801 3791 845 3834 aut
863 3799 917 3835 nou
933 3783 1003 3834 bene
1014 3785 1114 3848 vestiti,
1126 3784 1252 3836 continuo
1264 3785 1371 3852 frigore
1426 3837 1428 3847 ,

269 3852 389 3918 rigerent
409 3858 436 3901 et
453 3851 480 3901 in
501 3852 545 3902 via
563 3851 789 3921 relinquerentur,
809 3855 992 3922 spectaculum
1010 3856 1192 3908 miserrimum.

368 3941 431 3993 'lum
451 3956 502 4010 ego
521 3957 628 4011 quoque
647 3944 718 3994 circa
742 3947 811 3996 viam
837 3952 975 4013 angustam
997 3944 1073 3996 Tauri
1092 3946 1188 3996 montis
1209 3945 1371 3998 inevitabile

269 4015 354 4066 vitavi
373 4013 527 4079 periculum.
567 4030 650 4082 equus
670 4018 757 4081 enim,
776 4032 829 4085 quc
849 4015 1117 4080 vehebar,-vexatus
1135 4017 1227 4068 morbo
1248 4018 1292 4085 qui
1321 4018 1371 4083 ly-

269 4086 437 4137 ccentericus
457 4086 583 4150 vocatum
595 4101 708 4139 curvans
727 4088 865 4154 paululum
878 4088 1025 4143 anteriores
1036 4089 1128 4157 pedes,
1148 4087 1240 4140 habuit
1257 4103 1300 4139 me
1317 4089 1372 4141 de.

270 4172 391 4227 gressum
409 4171 441 4207 eo
461 4157 546 4209 statim
564 4174 581 4209 a
599 4159 691 4211 dextra
709 4168 803 4226 parte:
823 4162 851 4212 in
869 4161 977 4214 sinistra
995 4162 1063 4214 cuim
1089 4175 1142 4212 που
1162 4159 1291 4227 possibile
1312 4167 1373 4215 erat
