2967 4825
551 294 815 379 aaronis*
993 336 1001 349 ε
1156 314 1201 395 tr

101 450 209 519 ositeri
220 456 277 539 κατ’
295 462 355 525 τού
368 463 637 547 ε’παποσταλέντος
648 477 818 553 βασιλικοῦ
833 472 1030 561 α’νὸρύποόος
1046 473 1092 555 εἰς
1112 480 1205 545 oeteo

103 554 176 618 δέον
200 554 281 623 κατό
305 566 363 647 τῆς
384 568 531 654 τοιαύτης
553 572 811 655 ε’κπεπολέμωται
832 576 962 656 πόλεως.
1007 576 1121 671 τούτου
1141 578 1205 666 γύρ

102 654 203 742 α’θιγῆ
220 658 278 743 την
303 662 366 728 ύπό
383 663 561 750 ‘Patauium
582 678 838 759 παρερχομένου,
859 669 949 745 οὗτοι
970 684 1025 767 τῆς
1050 682 1205 769 ου’ραγύας

102 757 242 827 τούτων
264 760 482 849 όστερούντων
503 773 548 860 τῷ
567 771 654 863 κόπερ
676 780 871 863 φιλοκερδοῦς
901 780 1106 865 ἐξαπτόμενοι
1125 789 1209 854 πολ-,
1272 813 1275 819 ’

75 852 179 934 5λούς
200 855 341 949 α’νῄρουν
361 869 417 931 κατ’
434 868 564 949 τούτους
592 871 780 959 ἐσκύλευον,
803 878 861 955 ἕως
887 880 906 965 ἦ
930 880 1020 968 φήμη
1040 881 1205 967 ταχύτατα

101 955 260 1042 σρόςτόν
281 964 453 1034 σουλτόνον
477 974 660 1058 διέδραμεν.
714 974 732 1041 o‘
758 980 793 1044 δὲ
815 977 872 1065 την
892 973 987 1067 ύβριν
1003 981 1047 1069 μὴ
1071 983 1205 1069 ε’νεγκών
1269 1050 1274 1057 .

103 1057 240 1145 (α’νῆπτε
260 1065 322 1152 γόρ
344 1067 402 1154 την
423 1071 520 1159 σ’ργην
542 1079 599 1141 κατ’
618 1075 652 1141 τό
673 1082 738 1145 ταῖν
759 1078 920 1149 συνόντων
939 1083 1026 1175 αύτῷ
1049 1110 1205 1173 στρατιω-

99 1163 163 1226 τιὸν
183 1165 315 1255 πλῆθος,
338 1171 383 1255 μή
409 1166 609 1259 ἀνεχομένων
619 1175 678 1264 την
695 1180 866 1267 παροινίαν
882 1192 1064 1252 καταλιπεῖν
1081 1184 1205 1271 ἄτιμό-

102 1268 213 1353 ρητον)
236 1271 348 1351 sonet
367 1277 470 1340 arduos
491 1277 548 1342 κατ’
566 1278 754 1368 ἰταμότητος
775 1284 821 1360 εἰς
849 1282 884 1349 τό
904 1278 1028 1353 Ἀννιλνν
1049 1286 1204 1374 suivant,

56 1377 90 1431 10
103 1363 160 1430 κατ’
179 1376 500 1458 καταστρατοπεδεύει
528 1377 588 1466 πρό
613 1379 748 1471 τούτου,
770 1383 826 1450 κατ’
842 1389 898 1471 τῆς
920 1388 1103 1476 πολιορκύας
1122 1389 1204 1475 μετόιΙ

99 1472 218 1554 πολλῆς
248 1466 434 1559 α’πύρχεται
463 1480 518 1562 τῆς
548 1488 760 1569 παρασκευῆς.
811 1486 855 1559 οἱ,
873 1491 902 1553 δ’
931 1486 1020 1555 ύνύον
1052 1491 1203 1580 φρουρὰν

81 1564 214 1655 ,ύκανὴν
238 1568 282 1658 μη
319 1572 444 1661 ἔχοντες
473 1585 625 1667 (περιεῖλε
655 1585 717 1672 γύρ
747 1590 804 1653 κατ’
830 1587 950 1677 ταύτην
980 1582 1203 1680 χρηματισμός

97 1672 157 1735 ου’κ
179 1672 349 1752 α’κίνδυνυς
372 1678 593 1765 ὑποσχομένου
623 1691 682 1751 τού
704 1687 847 1769 sponsos
879 1694 1008 1771 τουτουὶ
1024 1699 1201 1780 στρατηγοῦ

96 1778 154 1841 καί
176 1773 293 1863 ταύτης
311 1780 414 1865 χωρύς
442 1782 585 1868 φυλάξαι
614 1792 670 1853 κατ’
691 1792 808 1875 αέρύυς
838 1795 882 1883 τρῖ
911 1797 1052 1886 δημοσίῳ
1074 1798 1203 1881 ποιῆσαι,

53 1874 138 1941 15εό
163 1879 197 1966 ἐν
218 1880 300 1966 αύτῇ
318 1881 548 1980 δαπανώμενα)
581 1890 734 1974 α’ντόσχυν
766 1895 826 1977 μὲν
848 1892 929 1981 πρός
951 1893 1078 1983 καιρόν,
1100 1890 1152 1961 οἶα
1173 1898 1220 1961 δ’.

98 1975 235 2068 ἔμποροι
257 1984 313 2045 κατ’
330 1989 507 2065 πολεμικῶν
525 1990 764 2077 μηχανημάτων
777 1998 832 2061 κατ’
853 1997 1086 2081 προβλημάτων
1109 1999 1230 2081 αἰτεῖ-λξ
1252 2004 1302 2061 183
1315 2020 1337 2061 r.
1367 2051 1371 2057 .

99 2104 204 2166 ρατοι,
225 2081 279 2146 κατ’
299 2074 455 2167 ἄρχοντος
473 2083 664 2172 χηρεύοντες
685 2096 844 2178 εύγενούς,
868 2098 990 2178 μᾶλλον
1012 2100 1047 2163 δὲ
1060 2094 1126 2182 την,
1140 2097 1202 2185 αἶρ-

96 2181 162 2267 χην
185 2184 319 2268 ὁρῶντες
341 2187 627 2276 διχοστατουμὲνην
646 2192 702 2263 κατ’
727 2200 918 2283 τεμνομένην
938 2201 982 2284 τῷ
1003 2197 1038 2263 τό
1061 2204 1123 2281 μὲν
1138 2204 1202 2282 βοι-

99 2282 222 2350 σιλτκόν
242 2285 444 2369 α’νύρόπούον
463 2286 499 2354 τό
520 2292 585 2357 πᾶν
597 2298 765 2374 μεθέλκειν
785 2301 830 2373 εἰς
853 2290 960 2381 ἑαυτό,
981 2298 1034 2372 τόν
1057 2303 1202 2387 δὲΠσγ-
1245 2295 1248 2302 ’

50 2384 244 2474 sospitator
267 2390 313 2465 εἰς
337 2384 449 2459 ἑαυτὸν
472 2392 506 2459 τό
527 2394 643 2479 κρότος
665 2386 932 2489 α’ντισφαιρύζειν,
964 2406 1020 2468 κατ’
1032 2403 1214 2484 στασιόζοκ,
1261 2419 1264 2424 ’

98 2489 235 2577 όρούντες
255 2488 289 2557 τό
311 2497 460 2578 κρατούν,
488 2488 590 2573 ἄλλως
620 2522 654 2563 τε
682 2504 738 2564 κατ’
756 2506 923 2589 πληγέντες
946 2505 1042 2594 ζημίη
1063 2508 1098 2570 τό
1117 2501 1200 2590 πρό-

96 2603 188 2677 τερυύ
211 2597 262 2681 ἐφ’
284 2585 310 2683 ᾧ
332 2594 448 2691 δούρυις
481 2595 721 2680 ἐκμειλύξασθαι
741 2604 799 2688 την
827 2607 884 2672 τού
907 2605 1119 2690 πολεμήτορος
1138 2608 1200 2692 α’γ-

95 2695 247 2782 ριότητα,
276 2703 346 2774 ταῖς
367 2705 503 2782 συχναῖς
533 2699 738 2789 ἀπειρηκότες
767 2711 958 2790 προσβολαῖς
979 2705 1035 2773 κατ’
1051 2731 1199 2774 natones-

134 2864 411 2928 λῖντύιόένῦ.Χ

95 3019 153 3072 lum
185 3021 315 3073 excitatus
347 3027 397 3074 est.
444 3022 488 3074 hic
513 3023 582 3075 enim
610 3040 669 3076 cnm
693 3026 855 3093 praeteriret
881 3027 1007 3081 Graecam
1030 3034 1128 3082 terram
1153 3030 1198 3082 in.
1244 3084 1247 3090 ,

94 3100 209 3158 tactam,
234 3093 262 3144 bi
285 3093 391 3147 ultimos
425 3099 452 3145 et
474 3103 585 3162 propter
610 3097 797 3165 fatigationem
827 3097 937 3152 relictos
954 3117 1044 3153 *avare
1076 3103 1198 3170 aggressi

94 3163 195 3215 multos
213 3165 410 3217 interficiebant
430 3174 456 3216 et
475 3166 524 3219 hos
544 3167 704 3234 spoliabant,
724 3170 811 3221 donec
830 3169 899 3222 lama
928 3171 1069 3223 celerrime
1088 3174 1120 3225 ad
1139 3172 1197 3225 sul-

93 3244 186 3287 tanum
205 3246 366 3290 accurreret.
386 3237 430 3288 bic
446 3247 534 3291 autem
553 3239 702 3306 superbiam
722 3258 776 3293 non
791 3243 880 3293 ferens
899 3243 1109 3295 -accendebat
1128 3246 1198 3296 enim

92 3308 161 3359 iram
181 3309 259 3360 etiam
278 3310 507 3378 congredientium
521 3313 553 3376 ‘ei
573 3310 685 3362 militum
703 3313 864 3377 multitudo,
893 3315 938 3381 qui
956 3329 1010 3364 non
1032 3316 1199 3368 sustinebant

92 3381 218 3434 iniuriam
228 3380 382 3450 relinquere
393 3396 448 3433 nors
460 3382 723 3435 multatam—animi
741 3386 846 3452 spirans
859 3392 885 3435 et
898 3386 1024 3436 audaciae
1038 3387 1196 3439 contraAn-
1238 3429 1241 3435 s

91 3454 169 3508 nium
186 3454 337 3522 ingreditur
356 3461 382 3504 et
397 3461 483 3505 castra
503 3456 580 3522 ponit
593 3464 655 3507 ante
673 3455 724 3506 hoc
744 3465 771 3508 et
789 3458 1014 3524 oppugnationem
1036 3473 1094 3509 cum
1112 3457 1195 3510 multo

92 3525 212 3578 instituit
237 3531 373 3592 apparatu.
416 3525 459 3577 illi
484 3535 571 3577 autem
595 3527 666 3578 intus
697 3529 857 3594 praesidium
876 3529 1000 3581 idoneum
1018 3545 1073 3582 non
1091 3530 1196 3581 haben.

91 3608 137 3652 tes
156 3629 191 3641 -
210 3596 320 3648 abstulit
338 3597 408 3648 enim
433 3599 513 3650 etiam
537 3597 590 3649 boo
608 3599 799 3652 administratio
823 3615 878 3667 non
896 3608 951 3652 tuta
982 3600 1099 3668 polliciti
1116 3601 1196 3654 huius

91 3669 204 3742 gratuiti
230 3669 304 3720 ducis
324 3683 354 3721 se
373 3669 450 3720 etiam
469 3671 528 3721 siue
546 3669 597 3720 hoc
626 3685 683 3721 eam
701 3681 868 3724 servaturum
898 3704 932 3715 -
952 3677 979 3724 et
996 3673 1099 3726 lucrum
1116 3689 1196 3725 aera-

92 3745 137 3795 rio
156 3741 287 3793 facturum
312 3749 467 3793 -sumtus
497 3749 585 3792 autem
609 3743 636 3791 in
662 3757 694 3792 ea
711 3743 880 3796 sustinebant
901 3760 950 3811 per
970 3751 1082 3812 tempus,
1096 3745 1149 3810 ‚sed
1167 3749 1197 3794 nt

92 3820 260 3866 mercatores
280 3820 306 3862 et
323 3812 480 3864 bellicarum
493 3811 717 3864 machinationum
737 3823 765 3866 et
782 3814 965 3868 difficultatum
979 3818 1064 3886 ignari
1084 3809 1111 3869 et
1129 3818 1210 3869 duce·

95 3885 185 3938 orbati
203 3883 298 3947 nobili,
319 3884 403 3952 magis
422 3891 510 3935 autem
532 3885 671 3952 imperium
695 3887 818 3938 videntes
840 3887 972 3941 dissidens
999 3897 1026 3940 et
1042 3889 1195 3952 dissectum,

94 3974 154 4010 cum
174 3957 266 4025 regius
284 3971 380 4007 servus
409 3971 488 4008 omne
512 3956 545 4008 ad
564 3973 593 4009 se
612 3956 744 4020 traheret,
766 3957 920 4010 Pancratius
940 3965 1027 4010 autem
1044 3961 1076 4012 ad
1095 3977 1124 4014 se
1142 3975 1195 4027 po.

93 4031 207 4082 tentiam
227 4026 336 4081 eludere
355 4029 483 4091 studeret,
504 4035 530 4078 et
548 4029 718 4079 dissidentem
736 4029 860 4081 videntes
879 4028 1093 4097 dominationem,
1113 4047 1194 4100 prae.

94 4103 175 4168 cipue
195 4101 274 4152 etiam
300 4101 347 4150 icti
372 4114 460 4167 poena
478 4107 565 4166 antea,
586 4102 647 4167 quia
673 4101 751 4151 donis
772 4100 891 4151 mulcere
912 4101 1038 4154 volebant
1053 4103 1194 4155 bellatoris

93 4174 236 4227 saevitiam
255 4170 441 4240 frequentibus
460 4169 599 4240 defatigati
618 4170 816 4223 incursionibus
844 4179 870 4222 et
889 4175 1011 4226 concussi
1030 4174 1193 4228 destructio-

91 4244 174 4298 nibus
191 4257 335 4308 murorum,
354 4245 382 4295 in
401 4244 490 4312 lugam
509 4258 539 4298 se
557 4244 695 4308 dederunt,
716 4251 743 4294 et
768 4251 961 4312 cognoscentes
980 4245 1074 4296 horum
1091 4260 1192 4314 propo.

153 4341 236 4400 ναν.
258 4340 342 4395 τινα.
360 4338 429 4394 aar.
514 4359 517 4365 -
587 4373 591 4377 a
988 4340 1006 4398 η
1066 4344 1071 4360 .
1118 4359 1121 4370 .
