2967 4825
506 277 509 281 ⁵
578 324 788 400 meroris.
872 372 877 380 a
1171 312 1253 385 re,

107 496 323 580 πρωιαίτερον
343 496 508 580 γενομένης
524 496 577 577 τῆς
598 489 814 577 προελεύσεως
837 480 981 571 ἔκπληξις
997 487 1124 564 κατεῖχε
1143 475 1220 554 τούς

106 600 339 681 συνετωτέρους
360 596 572 675 τῶνθεατοῦν,
593 592 835 677 συμβάλλοντας
857 581 941 661 ὅπως
964 580 1024 703 πρὸ
1044 585 1103 649 τοῦ
1121 604 1216 645 κατα·

105 698 325 782 σκευασθῆναι
346 696 380 762 ao*
405 698 542 779 θέατρον
563 721 614 759 και
611 694 810 779 πλησθῆναι
824 688 882 765 τὰς
904 684 1018 770 α’γυιδις
1038 704 1217 748 κατεσπου-

106 795 312 883 δασμένην“
298 825 313 863 ο
338 796 491 882 βασιλευς
518 794 573 880 τῆν
607 794 741 879 πρόοδον
774 792 973 868 ῦναπέδειξε·
1030 784 1085 848 καί
1105 780 1217 858 οίοονδς

80 900 171 964 5ουίι
193 896 317 983 οἶγαθδς
336 896 438 964 ἐδόκει
462 897 496 963 τύ
513 896 648 980 εξωρον.
693 895 827 967 τίωςῦὲ
849 891 900 957 τὸν
919 898 978 971 μὲν
998 888 1132 971 βασιλέα
1156 910 1215 949 αυ.

106 997 205 1074 θις“
184 1022 303 1083 υποστρ
307 1001 430 1081 ἕψοντα
453 1000 488 1064 εἰι
509 1002 566 1063 τοῦ
580 1000 729 1081 μεγίστου
751 998 829 1059 ναοῦ
848 996 911 1058 τῶν
934 986 1118 1075 κορυφαίων
1133 984 1216 1049 cino·

106 1094 284 1165 στόλων
252 1124 317 1183 ειχε
339 1099 372 1164 τὸ
399 1097 572 1181 παλύτιον,
600 1102 682 1181 μὲγα
713 1099 891 1183 φρονοῦντα
915 1117 955 1181 τφ
942 1094 1087 1174 τυχεῖν
1108 1090 1216 1154 τοιαύ.
1279 1132 1282 1142 ·

106 1224 164 1286 της
186 1199 349 1285 ἀποδοχῆς
370 1225 404 1266 τε
425 1199 480 1265 καί
503 1200 702 1285 προπομπῆς,
726 1192 783 1279 τῆν
806 1196 841 1259 δὲ
863 1198 1032 1260 δέσποιναν
1056 1187 1135 1272 πρδς
1157 1188 1215 1273 τῆν
1272 1199 1288 1227 ”

105 1298 247 1385 ἑσπέραν
270 1300 288 1383 ἡ
314 1301 493 1386 Πρίγκιπος
516 1304 622 1385 (νῆσος
653 1301 687 1363 δὲ
715 1292 796 1381 αῦτη
827 1297 884 1379 τῆς
912 1287 1144 1376 βασιλευούσης
1175 1287 1215 1352 ού

63 1397 236 1487 λθπὸρρω)
257 1403 530 1489 μελαμφοροῆσαν
552 1403 607 1464 καί
632 1400 826 1482 κεκαρμένην
846 1392 902 1471 τοὶς
927 1394 1052 1476 τρίχας.

219 1504 266 1590 tp·
286 1505 316 1566 d'
338 1500 491 1585 ἐπαύριον
510 1498 555 1567 ἔτι
585 1509 649 1576 τοῖς
672 1504 799 1574 πολλοῖς
825 1497 990 1580 ῦγνύστου
1018 1496 1216 1569 καθεστῶτος
1318 1542 1325 1547 s

107 1607 168 1671 τοῦ
190 1601 395 1687 πράγματος,
420 1608 584 1690 φιλοτιμία
620 1602 694 1685 περί
713 1603 776 1665 τῶν
797 1597 999 1682 διηγημάτων
1020 1598 1075 1678 τῆς
1097 1600 1217 1679 παρελ·

105 1702 231 1789 θούσης
254 1704 374 1789 ἡμέρας
397 1706 522 1788 ἐγίνετο,
546 1706 604 1770 τοῦ
625 1706 683 1785 μὲν
705 1702 781 1766 τάδε
804 1702 860 1763 τοῦ
884 1702 919 1762 δὲ
934 1698 1216 1778 τάδεθιιομαστι-

106 1806 171 1882 ποῦς
194 1803 402 1889 ἐπιλέγοντος,
428 1806 482 1870 καί
502 1800 600 1871 ἄλλου
615 1799 815 1891 προφθύνειν
838 1796 1043 1884 ἐπειγομένου
1064 1797 1098 1864 td
1118 1821 1214 1882 παρε-

60 1928 94 1979 15
107 1910 175 1993 θῦν,
199 1909 255 1971 καί
275 1905 402 1973 πάντων
424 1906 652 1989 οἷποσεμνύνειν
674 1906 877 1986 βουλομένων
908 1898 948 1965 τὰ
970 1898 1127 1986 κράτιστα.
1172 1894 1217 1975 οῦς

106 2008 143 2073 δὲ
167 2012 304 2093 κατέπτη
334 2009 373 2075 τύ
389 2014 446 2074 τοῦ
467 2007 593 2083 πάθους
606 2010 649 2095 τῷ
672 2005 761 2095 δῆμφ
775 2004 830 2069 καί
847 2006 1060 2088 περιέδραμεν
1083 2000 1101 2083 ῆ
1124 1998 1216 2086 φῆμη

104 2109 182 2187 τοῦς
205 2112 393 2200 περικύκλῳ,
414 2109 513 2186 εῦθύς
535 2102 575 2193 ῆν
597 2110 676 2173 ι’δεῖν
698 2103 819 2189 οἷδρόον
839 2104 893 2189 τῆν
914 2108 1060 2169 ἐναντίαν
1078 2104 1218 2184 μεταβο-

104 2208 166 2295 λῆν
190 2216 414 2295 κατασχοῦσαν
438 2210 513 2287 τοῦς
533 2208 738 2292 σύμπαντας,
760 2208 815 2271 κατ’
835 2203 1120 2290 οἷντεσηκαῦθητοϊς
1130 2229 1218 2289 χαρ-

104 2312 260 2394 μοούνσις
291 2310 329 2377 τῦ
361 2310 553 2398 σκυθρωποί,
581 2314 642 2375 καί
675 2304 746 2374 ἇντί
764 2310 855 2388 τιμῆς
888 2308 944 2369 καί
963 2306 1157 2390 φιλοτιμίας,
1177 2300 1217 2387 ῆν

57 2413 191 2498 ρρπρδς
213 2413 268 2478 τὸν
282 2418 456 2499 κρατοῦντα
471 2415 639 2496 ἐδείκνυον,
659 2421 752 2494 μῖσος
774 2402 931 2475 ἄσπονδον
951 2403 1139 2491 ε’ξῆγείρετο,
1163 2401 1220 2469 καί

107 2509 207 2590 ἄλλος
228 2507 327 2580 uilloc
356 2515 554 2599 θερμότερος
578 2512 713 2579 ἔσπευδε
741 2513 889 2596 γενέσθαι
921 2512 976 2574 καί
996 2509 1053 2592 τῆς
1071 2509 1136 2572 κατ’
1156 2507 1216 2570 od·
1304 2575 1308 2578 ⁴

106 2619 169 2682 τοῦ
191 2614 478 2702 προκατύρξασδαι
501 2618 690 2700 δυσμενείας
712 2613 960 2714 καίιιίναιδειλις.
989 2613 1090 2676 ταῦτα
1109 2631 1217 2691 μεμα-

183 2799 210 2851 2.
232 2797 433 2880 συμβαλόντας
447 2797 476 2854 0.

107 2973 163 3024 nisi
181 2972 253 3040 quod
284 2980 394 3039 propter
413 2970 494 3024 solito
528 2971 601 3038 prius
629 2970 724 3023 iactam
747 2971 947 3039 processionem
966 2967 1147 3023 consternatio
1167 2982 1215 3024 cs-

108 3042 203 3111 piebat
221 3043 406 3110 prudentiores
425 3042 496 3094 inter
512 3048 673 3110 spectantes,
692 3051 857 3110 reputantes,
876 3051 1016 3110 antequam
1034 3050 1153 3109 paratum
1168 3057 1214 3094 es.

108 3123 151 3168 set
170 3114 301 3166 theatrum
332 3122 359 3166 et
385 3114 511 3182 impletae
535 3117 606 3179 viae,
628 3131 719 3183 regem
743 3129 865 3182 pompam
884 3116 1031 3167 institutam
1049 3115 1214 3178 ostendisse;

106 3203 197 3254 neque
222 3201 300 3237 omen
326 3186 423 3238 bonum
451 3187 592 3238 videbatur
609 3187 849 3253 intempestivitaat
875 3187 979 3238 interea
998 3201 1089 3254 regem
1108 3187 1215 3254 quidem

107 3259 201 3310 rursus
226 3273 364 3310 reversum
389 3274 403 3308 e
430 3257 543 3310 marimo
568 3257 668 3325 templo
696 3257 828 3310 celsorum
855 3257 1036 3324 apostolorum
1060 3258 1215 3309 continebat

106 3327 236 3396 palatium
254 3328 308 3380 alte
328 3328 424 3381 elatum
439 3327 515 3397 'quod
530 3331 685 3396 'contigerat
708 3330 733 3380 ei
751 3337 825 3380 tanta
843 3328 968 3381 salutatio
993 3337 1020 3379 et
1044 3330 1213 3396 prosecuti03

106 3400 240 3453 dominam
258 3407 346 3451 autem
365 3401 504 3468 Principus
524 3401 626 3469 (insula
650 3400 717 3452 haec
738 3403 850 3470 reginae
875 3415 928 3452 non
953 3399 1036 3468 longe
1057 3400 1147 3470 abest)
1167 3401 1212 3450 ni.

106 3473 165 3541 gris
183 3471 301 3524 indutam
322 3472 443 3523 uestibus
463 3481 490 3523 et
508 3483 610 3525 tonsam
631 3471 753 3539 capillos.

206 3541 318 3594 Postero
338 3551 425 3594 autem
445 3559 522 3596 mane
542 3560 600 3596 cum
620 3545 755 3595 etiamtum
780 3544 942 3596 multitudini
967 3544 1059 3612 ignota
1079 3552 1151 3598 esset
1168 3557 1212 3596 res

105 3616 217 3678 instans,
239 3621 374 3666 certamen
394 3618 574 3668 narrationum
593 3616 626 3667 de
646 3617 786 3700 superiore
805 3615 951 3680 dieliebat‚
972 3630 1028 3665 cum
1047 3616 1117 3671 alios
1134 3615 1211 3680 baec,

105 3685 176 3738 aliua
196 3651 244 3737 il’la
263 3687 373 3738 mirilica
396 3689 546 3751 nominaret
571 3695 597 3739 et
623 3686 692 3739 alius
711 3690 785 3772 prius
811 3703 919 3739 narrare
944 3653 1068 3739 studeret
1088 3687 1212 3739 relictam

106 3766 134 3809 et
154 3772 246 3828 omnes
276 3756 415 3811 celebrare
443 3759 547 3811 vellent
572 3761 699 3823 maxima3
733 3775 793 3810 curn
817 3766 904 3811 autem
930 3759 1085 3812 concideret
1109 3760 1210 3826 populo

104 3829 186 3880 animi
205 3836 292 3880 motus
314 3837 340 3880 et
357 3837 551 3898 pervagaretur
580 3830 648 3882 tona
668 3847 760 3882 omnes
781 3830 897 3893 circum,
916 3832 1003 3882 statim
1022 3840 1128 3901 poterat
1146 3848 1211 3899 spe-

107 3900 174 3951 ctari
194 3901 326 3952 contraria
345 3903 466 3967 motatio,
486 3916 554 3970 quae
574 3917 665 3954 omnes
689 3909 856 3969 occupasset,
876 3910 903 3952 et
920 3909 1032 3970 aequata
1053 3911 1114 3954 sunt
1132 3902 1212 3956 laetis

103 3973 210 4034 tristia3
243 3979 269 4022 et
295 3987 343 4039 pro
370 3972 473 4026 bonore
499 3983 526 4024 et
559 3975 720 4038 certamine,
754 3990 822 4041 quae
851 3973 1005 4040 imperatori
1032 3974 1212 4042 praestabant,

105 4043 194 4095 odium
213 4041 383 4128 implacabile
406 4045 580 4109 excitabatur,
603 4055 629 4098 et
646 4045 715 4098 alius
736 4044 789 4096 alio
810 4045 921 4097 calidior
940 4045 1062 4097 studebat
1080 4047 1158 4112 lieri,
1186 4055 1213 4099 et

105 4123 198 4167 contra
219 4130 279 4166 eum
302 4115 466 4168 inimicitiam
493 4117 566 4184 prius
587 4119 714 4170 e'xereere
729 4125 755 4168 et
768 4117 964 4183 impudentiam.
984 4133 1053 4184 quae
1072 4134 1130 4170 cum
1150 4121 1211 4170 ani-

104 4186 305 4238 madvertisset
312 4203 361 4238 rex
381 4196 408 4239 et
427 4187 513 4240 vellet
535 4189 684 4256 deprimere
707 4189 843 4241 ardentem
859 4189 1084 4256 perturbationem
1101 4189 1142 4257 B
1143 4205 1209 4242 aan-

103 4259 202 4318 tiorum
220 4257 424 4326 inscriptionem
444 4261 572 4330 quandam
593 4261 680 4313 curari
701 4259 780 4313 iussit
799 4260 840 4313 his
858 4261 886 4311 in
904 4259 1056 4313 celebriore
1074 4261 1137 4313 λοοο
1157 4261 1209 4314 lori
