2967 4825
230 215 308 297 Μ
520 216 755 293 moninus·
770 209 1028 288 anemoria

1470 291 1471 408 λ

233 415 305 459 eves
324 388 404 474 μετόν
426 387 542 471 πολλῆς
567 384 622 450 καί
637 388 858 468 α’κατασχέτου
879 385 933 481 τῆς
951 380 1131 462 συνδρομῆς
1153 374 1208 442 καί
1221 383 1337 461 περιη-

232 497 302 579 χῇς,
325 484 407 577 ῦρτι
421 492 485 554 τοῦν
504 491 563 553 τοῦ
584 486 817 606 εύαγγελισμοῦ
831 488 885 569 τῆς
905 484 1101 567 δεομήτορος
1116 480 1336 564 ἐπιβατηρίων

234 586 483 682 ἐφισταμένων.
507 588 561 655 καί
584 583 792 708 παρῆλθον“
778 581 911 662 όπαντες
948 582 993 661 εἰς
1015 581 1050 651 τό
1074 579 1178 648 κοινόν
1201 606 1254 646 και
1250 581 1338 662 μό·
1470 605 1471 678 q

233 717 339 780 γιστον
360 717 414 759 του
399 692 512 758 θεοῦ
534 691 721 776 νικητήριον.
766 683 890 754 κόκεῖσε
911 684 993 771 μετὰ
1018 687 1073 770 τῆς
1092 682 1230 752 συνόδου
1255 707 1335 766 συγ.

141 834 143 842 v
234 798 400 882 κροτοῦσιν
433 818 463 857 οι
485 796 541 878 τῆς
563 790 738 876 συγκλήτου
762 787 893 873 λογάδες
919 815 976 872 την
997 789 1159 874 εὐφημίαν
1181 783 1367 870 υπερφυῆ5
1470 823 1471 910 q

233 922 286 963 και
282 900 479 982 μετέωρον,
500 893 749 979 προεξύρχοντος
764 890 884 967 τούτοις
905 893 959 956 καί
980 890 1078 974 αύτοῦ
1097 892 1156 952 τοῦ
1177 885 1339 970 πατριάρ-

234 1019 297 1082 χον
317 995 517 1072 δεουπόλεοις
547 990 685 1078 μιγαλης
706 991 917 1075 Ἀντιοχείας,
945 992 983 1090 τῇ
1012 969 1153 1073 βασιλίδι
1176 986 1340 1072 ἐνδιατρί-

234 1105 353 1183 βοιτος.
397 1101 459 1163 κατ’
474 1123 537 1174 πας
570 1095 724 1179 όκλῆρος
747 1091 912 1176 συννεύει,
946 1092 1005 1158 καί
1034 1087 1103 1158 ὅσοι
1128 1097 1183 1177 τῆς
1207 1091 1338 1175 οἰγοροῖς,

237 1224 288 1266 και
313 1203 376 1266 τοῦν
399 1194 640 1284 Ναζιραίιον
610 1223 641 1262 οι
663 1198 885 1280 δοκιμώτατοι·
938 1195 1027 1262 ὁπότε
1046 1194 1101 1260 καὶ
1124 1195 1140 1259 ό
1158 1190 1341 1277 Ρουσέλιος

151 1300 154 1304 ’
236 1298 420 1386 πολεμήσας
452 1308 515 1376 τοίς
544 1301 633 1387 α’μφί
664 1297 719 1363 τόν
741 1302 800 1364 τοῦ
822 1301 998 1382 Βρυεννίου
1028 1294 1231 1383 ου’τόδελφον
1256 1291 1339 1362 κατόν
1354 1311 1389 1364 10

237 1400 352 1486 κρότος
373 1400 488 1478 αύτούς
508 1401 723 1486 ε’τρονιιόσατο,
746 1393 801 1465 τοῦ
822 1406 935 1486 καιροῦ
955 1402 1192 1485 μαρτυροῦντος
1213 1401 1342 1474 πόντιος

239 1499 288 1569 δτι
317 1504 360 1591 τῷ
380 1505 579 1591 Βοτανειότῃ
610 1506 666 1568 καί
682 1500 721 1568 τό
741 1505 797 1586 τῆς
818 1507 903 1588 νίκης
925 1503 1043 1589 ταύτης
1065 1505 1188 1567 δίοδον
1210 1501 1342 1586 κεχάρι-

242 1630 331 1672 σται.
375 1609 429 1671 καί
449 1608 622 1692 τηνικαῦτα
645 1602 723 1670 κατοὶ
753 1609 892 1691 φατρίας
919 1607 1132 1690 διαιρεθέντες
1154 1601 1184 1667 οἱ
1201 1607 1258 1687 τῆς
1280 1626 1342 1666 πο-

240 1707 361 1783 λιτείας
382 1710 542 1791 ῦπιόνυμοι
566 1705 620 1771 καό
643 1706 759 1782 πάντες
781 1704 810 1770 οἱ
833 1709 887 1790 τῆς
904 1705 1072 1788 Ῥωμαίων
1093 1707 1208 1792 φυλῆς,
1231 1701 1340 1787 ιόσπερ

240 1799 365 1875 ireres
386 1811 422 1874 εἰι
441 1812 534 1884 θείας
555 1811 660 1886 δεξιός
679 1805 955 1894 στρατηγούμενοι,
981 1806 1288 1891 συνταγματάρχαις
1307 1827 1342 1870 τε
1355 1823 1389 1877 15

241 1905 417 1993 αῦτόμαλοι
438 1908 636 1994 ἐχρήσαντο,
669 1911 724 1974 καί
743 1913 805 1974 τοῦν
835 1912 893 1992 μὲν
914 1907 1116 1994 α’νακτόριον,
1145 1902 1223 1973 ῦτό
1259 1913 1341 1992 μέγα

242 2009 396 2076 notares
416 2014 540 2094 λέγεται
563 2013 768 2094 κυριεύουσιν
797 2015 830 2089 ἐξ
862 2007 982 2095 ἐφόδου
1014 2011 1208 2094 στρατιοῦται
1229 2005 1264 2073 ἐκ
1285 2012 1345 2074 τοῦ

244 2109 461 2178 Βοτανειοὶτου
482 2114 704 2195 περαιωθῆναι
727 2113 1024 2197 παρασκευάσαντες
1047 2115 1102 2176 καί
1120 2109 1154 2175 τό
1183 2109 1345 2197 φυλάττον

245 2217 345 2279 ι’κεῖσε
366 2210 600 2300 μισθοφορικόν
627 2216 753 2303 πολέμῳ
775 2218 1086 2288 καταπαλαίσαντος·
1145 2215 1343 2297 καθαιροῦσι

244 2317 280 2381 δό
302 2315 358 2382 καί
377 2315 428 2383 τόν
447 2309 657 2397 βασιλεύοντα
681 2316 821 2399 Μιχαὴλ
844 2318 986 2401 φυγόντα
1008 2317 1053 2390 εἰς
1074 2313 1112 2381 τό
1136 2312 1170 2380 ἐν
1191 2319 1343 2400 Βλαχέρ·
1356 2327 1392 2385 20

244 2442 315 2495 ναις
338 2414 504 2504 α’νοόκιορα,
527 2418 582 2485 καί
599 2417 679 2504 πρός
699 2417 752 2485 τόν
773 2416 947 2501 μοναχικόν
968 2416 1239 2500 μετασκευοὶζουσι
1263 2418 1346 2501 βίον,

245 2519 301 2585 καί
321 2527 361 2608 τῇ
380 2524 462 2608 μονῇ
481 2524 540 2587 τοῦ
560 2523 715 2585 Στουδίου
736 2524 804 2602 μετ’
825 2518 975 2596 εύτελοῦς
996 2520 1054 2583 τοῦ
1070 2520 1246 2603 ύποζυγίου
1262 2544 1347 2605 προ·-

246 2624 446 2708 φυλακτικιῦς
469 2624 761 2706 παραπέμπουσιν,
791 2615 825 2698 ῦς
852 2619 891 2707 δὴ
912 2648 965 2687 και
988 2620 1192 2711 ἒμονοὶρχιγσε
1207 2622 1347 2705 χρόνους

964 2721 971 2745 i
1022 2718 1036 2744 ti

152 2725 159 2735 ⁴
244 2726 277 2802 ἓξ
299 2723 352 2789 κατ’
374 2728 475 2809 μῆνας
497 2721 540 2801 εξ.
585 2748 638 2787 και
669 2727 860 2849 προϊστῶσιν
887 2726 991 2811 οἷρχας
1019 2750 1095 2789 οσαι
1128 2723 1184 2807 τήν
1216 2748 1250 2790 τε
1285 2728 1348 2791 τοῦ

245 2830 400 2890 παλατίου
422 2849 643 2912 φρουρανικαι
664 2824 720 2908 τὴν
744 2823 976 2911 ἀγορανομικὴν
995 2827 1140 2905 εύτσξιάν
1160 2828 1348 2909 διακοσμεῖν

1404 555 1416 584 b

236 3020 239 3025 -
315 2986 359 3041 20.
379 2989 420 3049 εἰς
436 3002 480 3040 orn
499 2987 530 3043 0.

245 3133 337 3205 ibique
363 3150 421 3187 curn
448 3144 583 3188 conventu
603 3138 768 3189 constituunt
793 3136 837 3205 qui
859 3152 873 3187 e
897 3145 991 3191 senatu
1011 3136 1092 3189 electi
1111 3144 1186 3189 erant
1204 3134 1348 3191 salutatio.

245 3224 307 3259 nem
326 3210 461 3276 ingentem
482 3217 508 3260 et
525 3209 626 3272 altam,
645 3217 793 3276 praeeunte
819 3210 861 3260 his
888 3210 966 3260 etiam
985 3211 1043 3277 ipso
1063 3210 1213 3277 patriarche
1238 3212 1349 3263 divinae

245 3280 334 3345 urbis,
362 3295 477 3347 magnae
498 3280 675 3346 Antiochiae,
705 3284 750 3348 qui
775 3283 802 3333 in
821 3281 887 3332 urbe
912 3282 1084 3333 versabatur.
1105 3291 1132 3333 et
1153 3284 1238 3335 omnis
1258 3283 1350 3335 clerus

247 3351 340 3403 adnuit
359 3360 386 3403 et
410 3366 502 3406 ornnes
531 3352 652 3405 forenses
679 3361 705 3403 et
722 3353 912 3406 Naziraeorurn
929 3354 1120 3406 illustrissimi·
1143 3356 1248 3439 quando
1269 3357 1350 3406 etism

230 3423 373 3484 ,aurelius
390 3423 497 3477 bellans
514 3440 574 3476 eum
592 3425 634 3488 iis,
656 3427 701 3491 qui
722 3427 793 3477 eirea
806 3426 936 3491 Bryenuii
955 3426 1063 3477 fratrem
1084 3435 1168 3491 erant,
1189 3427 1215 3478 vi
1236 3442 1283 3479 eos
1303 3425 1373 3478 iu.

246 3497 331 3578 gavit,
351 3504 473 3563 ternpore
497 3504 613 3549 testante
632 3498 755 3561 omnino,
775 3497 931 3549 Botanintae
961 3498 1039 3549 etiam
1059 3498 1127 3549 hanc
1145 3499 1285 3550 victoriam
1306 3500 1351 3550 di.

246 3568 347 3618 vinitas
366 3567 452 3619 datam
472 3584 546 3621 esse.
572 3573 654 3636 atque
673 3578 728 3620 tum
747 3570 890 3620 secundum
910 3576 1003 3639 gentes
1027 3570 1107 3622 divisi
1127 3572 1217 3638 quiin
1237 3572 1352 3623 civitate

247 3639 322 3689 censi
347 3647 422 3690 erant
444 3647 471 3690 et
487 3654 595 3702 omnes,
620 3641 665 3706 qui
685 3656 699 3689 e
718 3639 836 3690 Romana
861 3642 944 3707 stirpe
964 3649 1062 3706 erants
1074 3645 1149 3710 quasi
1169 3657 1285 3727 superne
1306 3645 1352 3695 di-

247 3710 310 3761 vina
328 3709 421 3760 dextra
436 3711 509 3760 ducti
528 3711 647 3760 ordinum
663 3711 744 3763 duces
762 3727 809 3763 sua
827 3721 922 3779 sponte
934 3714 1018 3764 secuti
1037 3722 1106 3776 sunt,
1127 3723 1153 3765 et
1173 3717 1258 3782 regia,
1278 3716 1352 3783 quod

152 3791 170 3844 χ
248 3794 373 3846 magnum
391 3780 520 3833 Palatium
545 3782 657 3845 dieitur,
684 3785 821 3867 potiuntur
844 3784 944 3836 milites
971 3783 1129 3837 Botauiatae
1152 3788 1239 3838 subito
1259 3794 1351 3839 trans.

250 3851 340 3916 νεοιί,
359 3854 549 3918 mercenariis,
569 3854 613 3921 qui
632 3854 669 3905 ibi
687 3856 848 3920 praesidinm
872 3856 1003 3940 agebant,
1022 3856 1096 3908 bello
1116 3858 1222 3910 divictis
1243 3861 1353 3943 capiunt

167 3929 169 3936 '
253 3924 332 3973 etiarn
351 3935 507 3993 regnantem
526 3924 699 3990 michaelem,
717 3928 763 4011 qui
784 3942 834 3977 eon
837 3928 942 3996 ureret
967 3930 994 3979 in
1012 3928 1219 3981 Blachernarum
1238 3932 1351 3998 regiam,

155 3994 158 3997 ’
251 3995 328 4046 etad
345 3997 527 4049 monachicam
545 3999 678 4050 instruunt
696 4000 777 4051 vitam
804 4007 831 4050 et
857 4000 888 4051 ad
907 4002 1095 4051 monasterium
1114 4002 1203 4054 Ztndii
1222 4018 1280 4053 curu
1301 4002 1352 4054 vili

236 4066 368 4127 ,iumento
393 4077 470 4120 caute
494 4071 616 4121 mittunt:
645 4070 691 4139 qui
720 4072 826 4139 quidem
844 4080 1006 4139 regnaverat
1023 4086 1105 4127 annos
1132 4088 1179 4125 sex
1201 4082 1353 4126 atinenses

250 4153 316 4207 νοις
340 4148 369 4194 et
386 4142 550 4195 constituunt
567 4143 747 4211 magistratus,
769 4150 900 4214 quotquot
912 4144 1006 4213 palatii
1025 4146 1186 4213 praesidium
1205 4154 1233 4199 et
1250 4146 1353 4199 aedili-
