2967 4825
264 230 340 313 ooo
386 302 395 316 ,
567 213 803 307 mffllttts
797 154 1075 325 ustauhtais
1116 166 1120 171 ”
1192 288 1201 297 ,

266 405 380 490 δούρων
408 402 466 487 την
493 398 612 469 τούτου
636 396 834 482 ’κατάσχεσιν
862 421 916 465 και
910 366 1119 479 άπόληψιν,
1153 390 1186 469 ,ἐν
1218 412 1262 477 τρι
1246 387 1371 475 μέοιρ

267 508 327 574 τού
352 506 508 588 βασιλέως
537 504 680 583 οέομένου
712 497 885 620 εἰρηνεύειν
919 494 960 563 τά
989 493 1182 580 πράγματα·
1235 485 1293 573 τὴν
1311 481 1372 571 γάρ

268 611 333 674 τόν
349 604 537 692 Τούρκων
516 606 622 689 απηνῆ
646 599 850 688 ἐπικράτειαν
872 600 917 675 εές
931 599 1025 663 οόόέν
1044 598 1199 680 ἐλογίζετο
1213 592 1254 657 δι’
1273 590 1374 655 άναλ-
1461 676 1462 693 ἦ

269 712 381 795 γηοέαν
405 733 458 772 και
481 715 574 788 μῖσος
594 704 643 770 τό
640 701 731 789 πρός
751 700 985 784 mmmmm,
962 724 1004 775 ως
1029 696 1139 763 ἔοικεν.

363 800 455 899 ’8νῷ
483 811 538 873 κατ’
566 807 677 886 δικάζο
660 832 733 872 οντα
757 800 968 886 πολλάκις,(
944 829 987 879 ως
1011 799 1139 880 εἴωθεν,
1166 795 1400 879 οἴσνμβάτουςό

252 914 358 987 Ιόόιοις
391 935 444 975 και
473 910 646 996 α’προοφυῆ
674 912 819 990 βασιλεῖ,
828 904 894 971 και
924 902 1101 1020 α’νενλόγως
1125 895 1375 975 καταδικάζοντα

266 1012 341 1087 τὀύς
363 1010 553 1094 άνθρτόπους
574 1003 757 1093 όποθηκαις
786 1009 847 1071 τῶν
875 1002 1133 1091 συνηγορούντων
1151 1007 1217 1073 τοῖς
1239 999 1375 1081 χει’,ροσι
1463 1092 1464 1095 ¹

268 1118 376 1200 φῆμαι
399 1108 712 1193 καταλαμβάνουσαν,
732 1104 807 1183 τούς
830 1102 991 1192 Τούρκους
1015 1106 1165 1187 λέγουσαι
1186 1122 1259 1183 περι
1254 1100 1375 1162 Χαλ-

269 1212 388 1299 κηόόνα
410 1237 464 1278 και
459 1214 683 1295 Χρυσόπολιν
704 1212 922 1293 κατατρέχειν,
944 1198 1019 1290 όρτι
1039 1207 1161 1289 πρῶτον
1183 1202 1219 1290 τῇ
1242 1196 1376 1287 τοιαύτη
1464 1258 1465 1295 3

269 1311 481 1435 πλησιοχάρρ
503 1308 771 1397 ἐπιφοιτήσαντος
791 1311 840 1396 γῇ,
873 1308 1024 1388 acceptes
1046 1301 1192 1390 ταραχὴν
1214 1301 1377 1365 ενεποιουν
1386 1312 1416 1365 10

269 1440 323 1481 και
343 1411 523 1497 σύγχυσιν,
550 1414 619 1477 αλλ’
648 1411 691 1487 οός
724 1410 894 1537 όλλοτριάς
923 1406 1034 1528 χώρας
1064 1402 1250 1488 πασχούσης
1279 1397 1376 1475 οότός

270 1506 425 1601 άφροντις
457 1512 576 1594 ἔμενεν.
629 1508 728 1587 οὕτως
761 1504 820 1577 oda
844 1511 946 1576 ου’τού
971 1507 1120 1592 ἔχοντες,
1155 1506 1171 1569 ό
1202 1532 1239 1573 τα
1267 1505 1378 1599 πριότα

165 1645 168 1648 ·
270 1622 347 1699 παρ’
369 1614 471 1680 ου’τού
502 1617 610 1700 ρέροον
631 1610 860 1699 Νικηφόρος“
844 1636 860 1675 ο
889 1612 1057 1697 λογοθότης
1083 1609 1140 1674 τού
1164 1593 1297 1693 δρόμου,
1320 1627 1378 1686 την

270 1720 316 1793 εές
337 1714 548 1807 τὸνβασιλέα
570 1707 697 1779 εόνοιαν
720 1711 920 1795 πολλαχόθεν
954 1704 1171 1793 ἐπισεμνόνειν
1194 1702 1300 1792 εαυτῷ
1320 1727 1378 1769 σο·
1467 1753 1468 1819 p

270 1818 453 1902 ηιζόμενος,
477 1814 611 1899 ἔπραττε
633 1818 693 1895 μὲν
715 1808 776 1880 όσα
804 1813 906 1903 ταύτην
926 1814 1109 1901 βουλομένην
1131 1812 1224 1895 ἐνῆν,
1247 1810 1417 1879 cinerei-15
1467 1824 1468 1867 1

268 1919 339 1999 χιζε
364 1919 399 1981 δὲ
424 1919 480 2001 τῆς
509 1918 566 1981 τού
589 1920 745 1997 βασιλέως
769 1911 891 1999 α’γάπης
917 1912 972 1997 τήν
994 1936 1028 1977 τε
1057 1915 1178 1997 μητέρα
1211 1909 1266 1976 κατ’
1298 1909 1403 1985 τούς.

271 2015 447 2097 ὁμαίμονας
467 2021 521 2082 κατ’
539 2022 612 2092 τούς
633 2017 764 2091 λοιπούς
785 2022 942 2100 συγγενεῖς
963 2013 1007 2089 οός
1027 2009 1253 2098 βασιλειτόάτας
1276 2014 1377 2094 όῆθεν

271 2118 327 2183 καέ
350 2115 384 2183 τό
409 2129 556 2184 συνοῖσον
587 2120 672 2207 αύτῷ
693 2116 738 2202 μη
760 2111 937 2198 θέλοντας,
958 2115 1012 2183 κατ’
1034 2112 1081 2183 ότι
1107 2114 1205 2190 ου’τός
1227 2112 1322 2194 μόνος
1349 2134 1384 2175 το

271 2224 439 2341 σνμροέρον
461 2220 544 2310 αύτρι
531 2218 811 2299 ”διασπονόα’ζτον
836 2224 1018 2305 καθέστηκε.
1041 2219 1090 2283 διό
1114 2217 1153 2301 θη
1179 2240 1230 2281 και
1227 2210 1378 2299 μεγάλα

271 2320 361 2408 παρά
386 2324 429 2409 τῷ
451 2328 582 2402 βασιλει
604 2321 753 2405 δυνηθείς
776 2319 872 2397 ον’τός
906 2346 942 2404 ην
966 2320 982 2385 ό
1005 2318 1038 2387 τό
1064 2323 1125 2385 πᾶν
1147 2320 1233 2397 όιεξ’
1197 2322 1298 2402 ξαγων
1321 2320 1422 2400 τῆςηρ

257 2425 448 2544 ’βρόιλείας,
468 2427 524 2489 κατ’
543 2430 584 2510 τῷ
605 2427 776 2506 βασιλεῖ’
761 2425 937 2506 επιτρέπιον
958 2421 990 2490 τό
1025 2421 1303 2507 πραχθησόμενον,
1326 2442 1380 2484 και

273 2523 328 2601 τός
351 2525 448 2607 τιμάς
480 2550 533 2590 και
553 2527 704 2610 προνοίας
734 2517 782 2602 οἷς
811 2522 954 2606 ἐβούλετο
973 2523 1186 2609 χαριζόμενος
1216 2519 1270 2586 διό
1292 2527 1378 2604 λημ-

345 2704 379 2832 ⁶,
400 2705 583 2832 pnpoopvete
607 2704 755 2772 interpres:
789 2701 811 2758 0
836 2703 1001 2776 όπροσφυῆ.
1144 2700 1171 2753 8.
1192 2700 1375 2775 καταλαμβά-

345 2797 363 2831 ν
383 2797 430 2830 υι
467 2814 475 2828 .

275 2956 386 3011 praeses
405 2949 493 2993 antem
510 2941 623 2996 literius
642 2942 760 3012 agitabat
778 2944 854 2996 donis
880 2942 957 2995 huius
983 2944 1160 2995 retentionem
1185 2951 1213 2996 et
1231 2942 1378 3010 eaptivita-

226 3061 228 3065 .
275 3023 345 3078 tem,
370 3015 430 3065 dum
448 3030 497 3066 rex
515 3023 589 3081 putat
613 3031 656 3067 res
676 3031 735 3068 esse
754 3023 870 3084 pacatas.
908 3015 1048 3068 'lurcorum
1073 3017 1142 3066 enim
1169 3012 1304 3066 crudelem
1327 3015 1380 3066 do.

274 3085 446 3138 minationem
464 3085 543 3138 nihili
562 3087 678 3139 faciebat
695 3089 861 3155 impatientia
882 3096 910 3140 et
928 3089 990 3139 odio
1001 3090 1172 3151 Graecorum,
1192 3095 1221 3138 ut
1241 3087 1379 3147 videtur.¹

373 3158 446 3210 luter
472 3174 542 3226 quae
567 3175 626 3210 cum
657 3175 717 3211 eum
734 3159 923 3212 diiudicantenr
943 3175 1040 3228 saepe,
1060 3169 1089 3212 ut
1108 3125 1221 3222 solebat,
1241 3157 1304 3210 lites
1323 3173 1379 3210 non

275 3238 349 3297 aptas
367 3245 457 3297 neque
482 3233 691 3302 accommodatas
710 3233 784 3301 regi,
818 3239 845 3282 et
863 3233 1043 3298 imprudenter
1071 3233 1235 3284 damnantem
1255 3229 1378 3283 homines
1470 3261 1471 3264 =

275 3300 390 3354 consilio
406 3303 543 3368 peroribus
555 3303 749 3368 auxiliantium
765 3303 834 3355 lama
847 3311 1045 3370 assequeretur
1068 3305 1169 3367 dicens,
1188 3302 1286 3354 Turcas
1306 3303 1380 3353 circa

276 3373 474 3428 chalcedonem
494 3383 519 3425 et
531 3374 711 3442 chrysopolin
731 3377 919 3442 percursiones
938 3375 1038 3440 facere,
1057 3384 1111 3426 tum
1130 3376 1241 3441 primum
1261 3383 1313 3426 tam
1334 3374 1379 3425 vi.

277 3447 354 3498 cinae
373 3445 507 3498 inhiantes
526 3454 624 3512 terrae,
643 3446 745 3498 nullam
763 3447 865 3499 turbam
883 3448 951 3500 haec
971 3450 996 3500 ei
1015 3447 1170 3499 inliciebant
1189 3455 1216 3498 et
1235 3447 1380 3501 conlusio.

275 3534 355 3570 uam:
382 3518 431 3570 sed
445 3518 520 3587 quasi
534 3485 628 3571 alien6
652 3527 724 3570 terra
743 3527 897 3584 vexaretur,
915 3522 973 3587 ipse
997 3521 1138 3606 impatiens
1163 3518 1294 3570 manebat
1333 3519 1381 3586 qni

276 3590 383 3658 quidem
402 3606 461 3642 cum
480 3590 561 3641 talem
579 3607 609 3642 se
627 3590 781 3659 praeberet,
800 3557 977 3659 Nicephorus,
1002 3593 1046 3664 qui
1066 3594 1163 3660 primas
1183 3590 1215 3643 ab
1235 3607 1268 3643 eo
1289 3594 1380 3646 reler-

178 3666 184 3671 ’
275 3670 327 3724 ret,
346 3661 487 3728 logotheta
511 3662 605 3726 stadii,
629 3663 728 3714 bonum
757 3678 820 3731 erga
843 3680 936 3734 regem
959 3665 1073 3716 animum
1098 3664 1257 3733 plerumque
1278 3668 1381 3717 iactare

277 3731 390 3795 callens,
410 3733 507 3817 agebat
524 3734 640 3800 quidem,
661 3750 836 3802 quaecunque
857 3752 889 3788 ex
906 3736 981 3788 illius
1000 3738 1087 3788 animo
1109 3744 1197 3789 arants
1218 3738 1381 3790 excludebat

277 3811 365 3855 autern
384 3819 399 3855 a
418 3806 492 3872 regis
512 3808 602 3858 amore
621 3815 729 3858 matrem
751 3815 777 3858 et
796 3809 1010 3877 consanguineos
1032 3817 1058 3860 et
1076 3819 1181 3862 ceteros
1201 3819 1331 3879 cognatos
1351 3817 1381 3861 ut

275 3882 390 3943 regnare
417 3876 523 3929 scilicet
550 3879 688 3946 cupientes
716 3895 804 3948 neque
824 3882 895 3950 quod
914 3882 939 3932 ei
967 3881 1133 3948 profuturnm
1152 3891 1224 3937 esset
1243 3882 1380 3946 volentes,

277 3955 304 3999 et
318 3948 394 4015 quasi
413 3950 472 4016 ipse
491 3949 565 4002 solus
583 3952 651 4004 utile
670 3953 696 4004 ei
713 3961 821 4020 pararet
840 3953 956 4006 exstitit:
977 3953 1149 4022 quamobrem
1168 3957 1249 4008 etiam
1266 3956 1381 4010 multum

170 4079 173 4091 Ι
276 4020 345 4085 apud
365 4035 455 4088 regem
474 4021 593 4076 valens
586 4040 644 4092 ipse
665 4033 730 4089 erat,
751 4025 796 4097 qui
821 4026 908 4082 omnia
928 4026 1070 4091 perliceret
1098 4029 1174 4096 regni
1195 4036 1222 4079 et
1242 4030 1301 4097 regi
1321 4037 1380 4079 tra-

278 4091 353 4142 deret
370 4107 439 4158 quae
457 4102 548 4146 essent
565 4098 668 4164 agenda
686 4105 713 4148 et
732 4097 863 4168 honores
875 4105 902 4148 et
926 4097 1177 4164 administrationes,
1199 4100 1295 4185 quibus
1315 4099 1380 4153 vel.

156 4182 160 4186 ·
273 4159 325 4234 let,
344 4163 444 4220 donans
462 4166 591 4224 reditibus
609 4184 663 4222 uon
682 4172 792 4238 parvis:
812 4171 956 4224 eratenim
975 4178 1082 4238 praeter
1101 4179 1191 4225 cetera
1211 4173 1277 4226 vitia
1297 4172 1380 4226 etiam
