2967 4825
546 276 755 345 mouit.
1105 282 1110 293 ’
1136 267 1205 343 155

112 443 169 509 τόν
189 442 361 526 πέμψαντά
383 467 434 524 με.
485 445 553 510 ἀλλ’
574 443 705 531 ἔρχεται
732 440 803 529 ῶρα
832 448 884 512 ἵνα
905 448 966 521 πός
989 443 1214 521 δέποκτεένας

112 546 198 627 όμιῖς
219 544 294 633 δόξῃ
316 549 462 639 λατρείαν
497 548 761 637 προσφέρεινερῖ
783 548 877 634 durgi?
924 545 1024 624 εόθδς
1046 539 1104 611 σόν
1126 537 1214 629 δμω-

112 649 183 711 νιόν
212 642 242 710 οἱ
281 649 372 710 τοῦτο
400 645 678 732 προσήμήνόμενοι
710 644 954 734 κατηρξόμεθα,
984 651 1040 712 κατ’
1073 648 1213 730 α’ψουδές

112 742 193 812 εἶναι
215 744 250 811 τδ
273 750 412 832 λαληθὲν
433 750 487 812 ἐπέ
507 753 563 832 τῆς
584 747 788 833 σήμειιόσεως
819 746 1048 832 διεγνῶκιιμεν.
1092 750 1213 828 ζέοντος

87 849 148 916 5δέ
167 851 226 911 τοῦ
249 853 389 929 πολέμου
413 853 636 916 ἐπαπέστειλεν
667 851 685 916 δ
711 851 865 934 βασιλεῦς
885 853 940 915 καιΙ
963 849 1018 935 τόνΙ
1034 847 1211 933 μόγιστρον

111 948 299 1033 Βασιλόκήν
320 955 373 1015 καί
391 953 554 1017 κατεπόνω
579 953 875 1027 Θεοδοσιουπόλεως
893 955 972 1033 μετὰ
994 952 1088 1017 τινῶν
1108 953 1212 1035 ἐγχω-

112 1052 190 1131 ρίων
209 1055 430 1136 στρατιωτῶν,
464 1053 506 1128 ῶς
536 1058 597 1119 τῶν
619 1059 737 1120 λοιπῶν
767 1047 867 1118 ὄντων
890 1052 969 1135 μοτόι
997 1056 1057 1117 rori
1081 1057 1213 1136 Τραχαό

27 1141 32 1146 ’
111 1148 241 1216 νειῶτου
264 1154 309 1226 εἰς
332 1149 366 1216 τό
393 1155 512 1219 Χλίστ.
563 1160 748 1237 προστεθεὶς
772 1148 839 1219 ὀδν
868 1157 911 1242 τῷ
932 1156 1094 1242 Βρυεννόιρ
1114 1154 1213 1237 μέχρι

112 1248 196 1326 τινός
220 1277 294 1327 τοις
316 1253 567 1373 α’κροβολισμρός
589 1281 641 1320 και
663 1256 760 1333 ου’τδς
780 1256 967 1337 ὑπεδέχετο.
1011 1257 1213 1337 συνθεμένων

71 1365 102 1419 10
112 1353 147 1416 δε
162 1355 225 1417 τῶν
241 1355 441 1436 στρατιωτῶν
457 1355 586 1421 κατόπιν
608 1356 704 1422 οιότου
693 1360 920 1437 erotundata,
940 1362 1214 1473 πρωταγωνιστεῖν

112 1449 213 1527 αότδς
237 1458 479 1537 καθυπέσχετο,
512 1461 568 1522 κατ’
595 1455 695 1533 εόθός
724 1456 904 1543 ἐξορμήσας
927 1458 1011 1521 νῶτα
1031 1452 1214 1520 δεδωκότων
1306 1524 1309 1529 ,

12 1548 16 1557 ’
110 1556 171 1617 τῶν
201 1551 347 1620 ἐναντίων
383 1558 505 1622 ἐδίωκε.
555 1556 840 1642 συνακολουθῆσαι
874 1559 903 1621 δ’
932 1555 1020 1645 αὐτῷ
1049 1550 1132 1636 μιτό
1154 1576 1212 1621 τον
1267 1623 1272 1629 ,
1308 1554 1314 1565 ’

111 1654 255 1736 πλήθους
277 1654 293 1717 δ
318 1660 507 1739 Βρυέννιος,
537 1652 607 1725 εἶτα
629 1656 705 1734 τούς
736 1660 880 1745 ῥυτήρας
902 1654 937 1723 ἐκ
957 1654 1158 1738 συνθήματος
1181 1654 1214 1719 ἐν

109 1755 221 1843 α’γνοόφ
244 1758 300 1821 τοῦ
319 1763 518 1824 Βασιλακιόυ
542 1754 668 1842 όνὲχειν
689 1760 762 1834 τούς
795 1760 876 1846 ἀμφ’
909 1756 1007 1825 αότόν
1025 1752 1215 1841 προτρεψό-

70 1875 216 1938 ιςμενος,
238 1858 361 1944 α’φήκεν
383 1859 482 1926 υότδν
502 1858 581 1940 μετδ
597 1861 669 1926 Χτῶν
690 1865 889 1942 πειθομένων
910 1858 1013 1949 τοότφ
1035 1860 1091 1921 καί
1108 1858 1214 1936 μόνων

110 1957 255 2040 α’κριαῶς
276 1957 401 2031 διώκειν
425 1964 479 2027 ἐπὶ
492 1962 585 2026 notri.
630 1960 699 2027 ἐπιδ
724 1963 759 2027 δέ
781 1966 825 2050 τῷ
838 1960 960 2046 χάρακι
979 1963 1042 2025 τῶν
1063 1960 1214 2023 ἐναντίων

108 2062 304 2141 προσέμιξε,
342 2063 550 2147 διαπαρέντος
574 2066 634 2126 τοῦ
664 2063 762 2127 ἵππου
792 2066 950 2145 προσέσχε
971 2062 1010 2147 νή
1031 2060 1090 2149 μή,
1115 2055 1216 2143 βάρος

112 2163 177 2223 τῶν
200 2156 305 2227 όπλων
335 2160 580 2249 ἐπιφερόμενος
634 2162 685 2229 διδ
716 2189 769 2229 και
801 2166 1027 2247 περιχυθέντες
1054 2157 1153 2227 υότδν
1185 2180 1215 2222 οι

110 2266 258 2342 πολέμιοι
281 2254 398 2353 ζῶμρόφ
419 2266 630 2345 λαμβάνουσι.

65 2381 100 2435 uo
214 2364 479 2451 Καταλαβοόσής
495 2369 531 2431 δέ
552 2365 668 2451 ταύτης
691 2369 745 2451 τῆς
769 2363 917 2450 α’μγελιας
938 2320 1140 2447 τὸνβασιλέα
1161 2356 1227 2426 κατ’

9 2482 10 2527 3
110 2463 169 2529 τόν
190 2462 345 2551 στρατόν,
370 2469 473 2531 δειλιά
494 2472 549 2534 καί
569 2470 724 2534 κινδόνων
748 2471 835 2544 ἐλπις
862 2476 927 2544 τοῖς
947 2466 1115 2547 Ῥωμαίοις
1136 2465 1232 2530 ἐπέ-ι’

109 2582 257 2653 σκήψει,
280 2571 350 2633 ἐπεί
369 2571 424 2634 soi
445 2567 475 2634 οἱ
504 2573 698 2656 τραυματίαι
726 2570 872 2657 φοράδην
899 2569 1047 2652 α’γόμενοι
1068 2567 1125 2632 κατ’
1144 2571 1215 2646 ταῖς
1271 2655 1276 2671 Ι

111 2889 346 2950 contempserunt,
373 2889 465 2935 vestra
491 2897 598 2953 quoque
631 2891 814 2936 contemnent:
844 2884 911 2936 haee
936 2897 1003 2936 vero
1023 2881 1111 2935 omnia
1137 2882 1215 2936 vobis

110 2954 229 3018 sacient,
248 2955 320 3024 quod
332 2956 391 3024 quis
410 2971 452 3006 me
471 2956 574 3008 miserit
592 2957 725 3025 ignorant
764 2957 812 3010 sed
829 2956 906 3009 adest
923 2963 1036 3022 tempus,
1058 2954 1104 3007 ubi
1123 2969 1215 3008 omues

108 3027 158 3109 qui
177 3040 226 3078 ros
246 3027 384 3091 occident,
403 3029 454 3080 deo
472 3029 575 3080 servire
595 3027 781 3081 videbuntur.“
805 3029 891 3082 statim
911 3043 977 3080 vero
995 3027 1130 3094 trepidare
1149 3041 1216 3078 eoa.

106 3099 208 3166 pimus,
227 3100 273 3180 qui
292 3097 342 3150 irae
361 3115 395 3151 er
413 3115 444 3151 re
458 3101 679 3168 significationem
701 3115 872 3167 ceperamus:
893 3113 959 3150 vera
978 3099 1049 3150 enim
1069 3113 1129 3150 esse
1146 3113 1216 3165 quus

106 3168 252 3233 dicebat‚'
246 3185 273 3220 rn
291 3171 490 3238 significatione
514 3162 736 3240 coqnoveramus.
783 3172 893 3223 ardente
912 3178 1001 3222 autem
1026 3167 1101 3222 helio
1121 3183 1170 3220 rex
1188 3175 1216 3223 et

106 3239 253 3294 Basilaoen
257 3246 424 3324 magistrum
441 3251 467 3294 et
480 3242 703 3326 Theodosiopolis
723 3244 887 3311 praefectum
907 3258 966 3294 oum
985 3241 1083 3298 innatis
1102 3235 1215 3307 quibus-

105 3315 171 3365 dam
189 3305 310 3370 milititus
330 3315 463 3368 Chliatum
484 3316 574 3379 misit,
594 3316 708 3384 reliquis
733 3332 792 3367 eum
811 3314 986 3367 Trachoniote
1007 3312 1145 3380 proiectis.
1166 3311 1215 3362 ad-

106 3387 182 3437 ditus
200 3385 283 3452 igitur
301 3386 437 3452 Bryeanio
456 3385 619 3454 aliquamdiu
637 3387 744 3470 proelia
763 3389 864 3439 eminus
882 3386 952 3438 fucta
971 3394 999 3436 et
1020 3387 1079 3452 ipso
1099 3382 1214 3451 excepit.

105 3455 240 3508 militibus
258 3465 347 3510 autem
367 3474 426 3509 eum
445 3473 461 3508 a
478 3466 556 3526 tergo
575 3460 652 3526 sequi
671 3459 867 3511 adnuentibus'
860 3473 946 3525 ipsum
966 3473 995 3510 so
1010 3472 1075 3524 prae
1093 3455 1215 3507 omnibus

105 3535 290 3596 pugnaturum
310 3545 369 3582 esso
387 3528 525 3596 pollicitus
545 3539 594 3596 est,
613 3531 754 3598 statimque
781 3530 929 3598 proiectus,
949 3545 1007 3580 oum
1026 3528 1119 3582 hostes
1139 3535 1216 3595 terga

105 3601 256 3664 dedissent,
279 3617 325 3652 eos
344 3601 564 3670 persequebatur,
584 3602 716 3670 simulque
742 3619 801 3654 cum
821 3617 852 3653 eo
872 3602 1024 3668 Bryonnius
1045 3615 1103 3652 eum
1121 3598 1214 3650 inulti-

105 3672 219 3724 tudine:
239 3680 293 3723 tum
307 3689 372 3725 vero
386 3673 476 3738 irena,
493 3683 521 3725 ut
536 3683 710 3739 conuenerat,
730 3677 870 3742 ignorante
881 3673 1015 3726 Basilaeio
1034 3669 1132 3724 tollere
1151 3683 1214 3722 suos

106 3744 192 3796 iussit
211 3753 237 3794 et
255 3745 354 3797 dimisit
378 3761 438 3796 eum
458 3762 517 3796 eum
527 3748 578 3810 iis,
607 3748 651 3814 qui
678 3747 740 3797 huic
760 3747 812 3798 soli
837 3754 972 3812 parerent.
993 3753 1021 3797 ut
1040 3742 1214 3797 vehementer

105 3815 195 3881 longo
214 3824 448 3885 persequerentur.
469 3833 527 3868 cum
546 3827 634 3869 autem
647 3817 720 3869 vailo
741 3817 855 3869 hostium
875 3817 1124 3884 appropinquasset,
1144 3827 1214 3882 equo

106 3887 261 3938 transfosso
277 3889 303 3938 in
323 3895 421 3939 terram
440 3890 533 3940 incidit
550 3903 679 3940 armorum
693 3889 825 3955 gravitate
845 3903 1014 3954 suppressus.
1051 3889 1141 3953 itaque
1161 3885 1214 3936 ho-

108 3964 173 4010 stes
186 3960 339 4011 cireurniusi
358 3961 448 4010 vivum
469 3976 528 4010 eum
548 3962 664 4027 capiunt.

213 4047 272 4111 Quo
290 4036 384 4098 nuntio
409 4048 441 4098 ad
460 4063 552 4116 rogem
571 4047 653 4099 aiiato
673 4055 699 4098 et
723 4033 755 4098 ad
775 4048 940 4108 exercitum,
960 4045 1056 4098 Graeci
1073 4045 1214 4097 timiditate

108 4128 141 4172 et
158 4119 339 4187 periculorum
359 4128 436 4171 metu
461 4121 583 4187 oppressi
610 4127 681 4184 sant,
701 4133 760 4171 eum
786 4119 864 4172 otiam
885 4116 1017 4171 vulnerati
1036 4125 1213 4187 apportaren-

110 4201 158 4244 tur
178 4195 287 4260 propter
304 4190 445 4246 vninemm
464 4191 583 4245 dotorem
608 4193 780 4260 suspirantes.
824 4199 932 4245 coaetus
951 4191 1033 4260 igitur
1050 4205 1099 4254 τοι
1117 4199 1211 4272 ερτει·Δ
