2967 4825
272 316 350 389 212·
379 246 383 252 Ι
564 308 782 379 nicaenus
814 298 1073 376 mortuoram

271 483 420 558 κεῖσθαι,
449 499 502 540 και
497 470 669 599 φοράδην
697 472 886 553 κομίζεσθαι
917 463 1068 539 πολλάκις
1097 461 1131 525 ἐν
1161 458 1223 545 μιᾷ
1250 456 1306 522 καί
1330 454 1373 541 τῇ

273 579 354 667 αὐτῇ
376 575 463 664 κλίνη
488 577 579 641 πέντε
601 597 655 637 και
650 570 709 653 ἐξ
730 567 863 656 νεκρούς
885 561 1109 687 α’τημελύτους,
1131 562 1186 625 καί
1203 550 1373 638 πανταχύ·

239 686 329 745 θεν
362 681 518 764 ἐπιρρέειν
543 676 585 741 τοὶ
607 670 804 758 σκυθρωπά,
823 672 876 735 καὶ
895 666 998 752 πύσης
1032 664 1206 750 κατηφείας
1228 656 1373 742 πληρού-

132 796 155 855 f
171 796 262 856 λλλτ.
272 786 352 847 σθαι
376 804 434 864 την
450 779 698 895 βασιλεύουσαν.
756 774 819 837 τῶν
844 773 879 836 δὲ
900 768 1123 867 καθημερινῶν
1150 762 1206 827 καί
1227 754 1373 841 παρανό-

269 907 340 966 μων
359 876 522 1001 κριμοὶτοον
542 877 676 959 ούδεμία
699 899 748 951 τις
770 868 929 955 α’ναστολη
955 876 1020 943 τοῖς
1040 867 1213 951 κρατοῦσιν
1236 862 1369 944 ἐγίνετο·
1381 869 1400 922 5

179 1049 186 1067 ,
270 976 388 1050 ἆλλ’“
362 1004 468 1067 ωσπερ
493 977 659 1065 μηδενύς
649 976 685 1043 τύ
709 970 862 1061 παράπαν
895 970 1097 1093 ἐνρχλούντος
1118 973 1182 1043 τοῖς
1198 964 1373 1045 Ῥωμαίοις

270 1082 455 1170 οἷλλοφύλοο
478 1074 653 1162 πολέμοο’
638 1107 656 1163 η
652 1072 809 1155 θείας’
794 1099 898 1160 οργης,
919 1098 938 1157 η
964 1068 1038 1148 τούς
1060 1066 1252 1155 ἀνθρώπους
1271 1088 1375 1130 κατα-

268 1184 444 1305 τρεχούοης
466 1181 587 1257 ἐνδειάς
607 1204 660 1245 και
656 1177 755 1263 βίας
779 1176 941 1259 βιωτικῆς,
967 1170 1068 1247 ούτως
1097 1162 1238 1243 ἅδεύς”
1218 1188 1373 1250 επρσττον

270 1285 310 1352 τύ
334 1285 469 1403 θεομιρη
489 1285 543 1347 καί
563 1277 747 1365 τυραννικά.
763 1300 843 1343 και
864 1280 927 1341 πᾶν
952 1273 1179 1359 προβούλευμα
1205 1266 1377 1353 βασιλικὸν

269 1389 315 1462 εἷς
335 1383 370 1451 τύ
389 1381 462 1462 τούς
483 1387 626 1465 οἰκείους
634 1382 757 1451 α’δικεϊν
777 1404 829 1445 και
825 1377 1127 1462 κατασοφίζεσθαι
1147 1396 1200 1436 και
1195 1366 1373 1455 θηρεύειν
1384 1384 1421 1439 10

267 1483 342 1561 τούς
361 1489 452 1568 βιους
475 1483 582 1549 αὐτῶν
603 1507 655 1548 και
678 1506 737 1564 την
769 1479 921 1566 α’φορμην
941 1478 996 1559 τῆς
1018 1477 1099 1558 ζωης
1122 1476 1305 1555 κατεγίνειο.

393 1589 436 1649 Τί
456 1578 513 1648 σύν
536 1582 569 1648 τύ
592 1584 760 1661 ἐντεύθενς
783 1574 943 1665 ἤσχαλλον
965 1574 1080 1651 πάντες
1102 1574 1163 1665 καί,
1177 1572 1374 1655 ἐδυσχέραι-

172 1714 175 1720 ·
269 1710 323 1753 νον
364 1685 419 1751 καί
456 1688 605 1769 διηνεκῶς
640 1684 826 1747 ἐποτνιῶντο
860 1676 939 1761 πρὸς
977 1676 1045 1741 τύνχ
1069 1672 1163 1757 θεύυ,
1198 1675 1374 1758 ἐπιβλέψαι

268 1786 350 1870 πρὸς
379 1785 438 1869 την
471 1786 572 1854 αύτού
603 1788 813 1868 κληρονομίαν
846 1777 899 1844 ord
935 1775 1052 1853 παντὸς
1083 1772 1287 1855 ἱκετεύοντες,
1316 1776 1376 1839 καί

269 1889 537 1971 προχειρίσασθαι
566 1878 668 1969 ἄνδρα
700 1878 769 1965 ἅμα
792 1883 851 1962 μὲν
877 1880 932 1945 καί
960 1880 1034 1954 τούς
1053 1880 1228 1961 τυράννους
1252 1871 1423 1950 αύτούςι5Ι

270 1986 446 2068 δυνάμενον
477 1991 639 2065 καθελεῖν,
670 1979 739 2065 ἅμα
770 1984 805 2048 δὲ
829 1984 885 2047 καί
909 1978 967 2057 τοῖς
993 1978 1094 2063 τύχας
1119 1980 1181 2044 τῶν
1207 1976 1374 2057 Ῥωμαίων

236 2086 240 2094 ’
269 2085 350 2172 πρὸς
383 2084 416 2152 τὸ
450 2086 666 2169 εὐθυμότερον
696 2088 908 2168 ἐπαναγαγεῖν
939 2077 1093 2169 φρονήσει
1121 2078 1192 2145 'xci
1226 2074 1373 2163 γενναιό-

270 2210 340 2270 τητι
362 2183 417 2251 καί
438 2191 595 2275 φιλοτίμῳ
623 2188 678 2252 καί
707 2186 857 2271 φιλοίκτῳ
884 2186 984 2271 ψυχῇ.
1028 2184 1082 2248 καί
1109 2182 1217 2264 μέντοι
1240 2176 1296 2245 καί
1317 2201 1371 2243 τε-

269 2288 444 2371 τυχήκασιν
474 2287 531 2351 ουίι
559 2288 604 2361 είς
633 2283 759 2369 μακρὰν
785 2284 846 2350 ταῖν
878 2283 956 2351 κατὰ
983 2284 1108 2349 σκοπόν.
1153 2281 1374 2375 προσδεξάμε-

267 2409 320 2463 νος
347 2387 410 2472 γοὶρ
444 2384 499 2471 τῆν
532 2385 656 2474 αἴτησιν
691 2387 799 2452 αὐτῶν
827 2385 844 2450 6
877 2390 911 2453 ἐν
943 2389 1023 2452 ἐλέει
1054 2387 1231 2469 οἶμὲτρητος
1264 2378 1421 2470 κύριοςαι)

268 2489 431 2574 οἷνίστησιν
464 2481 566 2573 ἄνδρα
600 2491 760 2574 κρείττονα
786 2491 840 2573 τῆς
868 2489 966 2572 cdxi}
989 2489 1051 2554 τοῖν
1080 2487 1288 2572 φοβουμένων
1309 2483 1374 2550 αύ-

267 2586 335 2670 τύν,
357 2593 413 2654 καί
429 2593 579 2656 τοσούτου
599 2592 643 2666 είς
657 2587 773 2679 α’ρετην
785 2593 840 2654 καί
856 2586 1138 2675 μεγαλοφροσύνην
1159 2589 1217 2652 καί
1226 2581 1375 2670 γενναιό-

268 2713 349 2776 τητα
378 2688 433 2756 καί
454 2687 685 2778 στρατιωτικήν
707 2688 979 2776 μεγαλοδοξότητα
1013 2682 1087 2755 ὅσον
1107 2686 1123 2756 6
1146 2679 1256 2775 πριύην
1274 2693 1390 2773 βασι.-

270 3000 327 3056 tur,
346 2997 373 3042 et
392 2989 491 3056 apertis
516 2987 585 3041 loeis
604 2989 723 3041 iacerent
749 2996 776 3040 et
801 2988 959 3042 efferrentur
981 3003 1063 3056 saepe
1088 2989 1116 3040 in
1141 3003 1195 3040 uno
1223 2987 1373 3056 eodemque

269 3062 343 3114 lecto
363 3063 482 3130 quinque
500 3068 527 3113 et
551 3076 599 3114 aex
618 3061 748 3112 cadavera
773 3061 831 3112 sine
860 3059 917 3112 ulla
936 3077 1009 3126 cura,
1030 3069 1056 3112 et
1076 3061 1252 3128 undecunque
1272 3058 1373 3112 afflue-

268 3141 330 3186 rent
347 3133 405 3185 dira
423 3140 450 3184 et
469 3132 540 3184 omni
559 3133 667 3184 tristitia
685 3130 843 3199 impleretur
861 3131 924 3184 urbs
938 3133 1029 3200 regia:
1052 3133 1263 3200 quotidianarum
1281 3139 1373 3184 autem

268 3206 425 3257 iniuriarum
454 3212 480 3254 et
503 3204 660 3256 iniustorum
685 3205 844 3257 iudiciorum
871 3204 993 3256 remissio
1019 3201 1094 3255 nulia
1119 3203 1151 3255 ab
1179 3201 1372 3287 imperantibus

267 3276 363 3328 fiebat:
383 3275 430 3328 sed
449 3275 525 3343 qnasi
545 3275 647 3327 nullum
665 3276 772 3327 omnino
789 3284 923 3343 premeret
936 3277 1051 3328 Graecos
1071 3274 1140 3328 alius
1159 3275 1249 3342 stirpis
1267 3273 1373 3326 beilum

267 3347 312 3401 vel
331 3348 449 3400 divina
442 3362 482 3398 rra
501 3346 555 3404 vel
566 3362 730 3416 persequens
753 3346 905 3399 homines
889 3347 990 3414 inopia
1014 3355 1041 3398 ct
1059 3347 1189 3400 violentia
1201 3345 1311 3409 vitalis,
1331 3346 1372 3394 ita

267 3435 363 3472 secure
382 3417 497 3486 agebant
517 3417 586 3469 facta
605 3419 654 3469 deo
679 3420 767 3470 invisa
798 3425 825 3470 et
844 3420 998 3484 tyrannica:
1026 3427 1106 3487 atque
1125 3433 1203 3471 omne
1229 3415 1374 3470 consilium

265 3492 339 3560 regis
366 3497 393 3542 et
411 3490 555 3558 cogitatum
577 3490 635 3541 ad
628 3490 752 3542 iniuriam
775 3490 830 3542 suis
849 3489 1014 3542 inferendam
1037 3490 1114 3541 etad
1137 3489 1324 3558 decipiendum
1343 3493 1373 3537 et

266 3563 417 3615 venandum
435 3562 517 3613 vitam
537 3575 628 3612 eorum
648 3568 676 3611 et
694 3555 892 3620 fundamentum
911 3563 1014 3617 victus
1025 3561 1171 3628 spectabat.

367 3649 435 3713 Quid
461 3663 525 3716 ergo
554 3647 641 3700 inde?
662 3649 867 3717 indignabantur
892 3665 983 3702 omnes
1013 3657 1039 3701 et
1063 3648 1177 3702 moleste
1202 3649 1326 3703 ferebant
1344 3655 1374 3698 et
1416 3667 1420 3672 ·

175 3778 179 3782 ⁴
267 3719 373 3773 assidue
392 3718 578 3784 supplicabant
597 3719 657 3784 deo,
677 3728 706 3771 ut
730 3729 866 3788 spectaret
890 3722 922 3773 ad
951 3736 1024 3773 snam
1043 3721 1241 3788 possessionem
1261 3720 1372 3772 omnino

267 3790 371 3857 precati
398 3797 425 3840 et
444 3796 548 3841 crearet
566 3790 668 3856 virum,
688 3792 734 3860 qui
758 3791 836 3844 simul
857 3801 883 3844 et
909 3799 1037 3860 tyrannos
1056 3793 1130 3859 ipsos
1149 3800 1243 3860 posset
1260 3791 1374 3855 tollere,

267 3861 400 3929 simulque
419 3862 497 3912 etiam
523 3861 642 3915 fortunas
663 3863 823 3916 Graecorum
851 3864 884 3916 ad
902 3865 1030 3923 maiorem
1055 3864 1211 3916 felicitatem
1237 3864 1375 3915 adducere

266 3932 407 3999 prudentia
425 3941 451 3984 et
469 3933 611 3985 nobilitate
631 3943 657 3985 et
675 3949 810 4003 generoso
829 3942 908 4003 atque
927 3935 1094 3988 misericordi
1107 3936 1205 4000 animo,
1224 3950 1315 4003 neque
1334 3935 1376 3986 ita

265 4003 377 4055 multum
396 4004 552 4057 aberrarunt
570 4021 586 4056 a
603 4008 743 4074 proposito
763 4006 825 4057 fine.
846 4007 984 4072 accipiens
1005 4009 1074 4059 enim
1093 4022 1189 4074 preces
1209 4021 1301 4059 eorum
1320 4006 1376 4058 do.

265 4075 397 4127 minoeia
421 4077 605 4130 misericordia
632 4079 777 4130 immensus
802 4078 919 4134 instituit
944 4079 1029 4130 virum
1053 4079 1219 4146 superiorem
1245 4078 1378 4146 precibus

266 4160 369 4211 corum,
387 4147 507 4214 quicum
521 4157 681 4214 metuerent,
702 4155 847 4201 et'tantum
861 4149 932 4217 quod
953 4149 1047 4202 attinet
1065 4151 1190 4203 virtutem
1211 4159 1238 4203 et
1254 4165 1376 4218 magna.

264 4218 412 4295 nimitatem
431 4225 458 4271 et
474 4218 641 4274 nobilitatem
654 4229 682 4274 et
694 4220 837 4276 militarem
855 4220 979 4290 gloriam,
996 4229 1122 4292 quantum
1141 4223 1215 4291 prior
1237 4237 1288 4278 rex
1306 4237 1376 4291 pra-
