2967 4825
1106 169 1205 320 'ans

36 446 38 511 j
109 406 142 469 δὲ
162 400 272 486 ζοδνιες
293 407 598 496 γλχριπλωτιλτθησαν.
639 411 757 492 ὁμοίως
779 413 815 478 δὲ
836 400 891 478 ναί
909 411 999 540 παρά
1023 418 1086 482 τᾶν
1108 403 1203 482 λιιιιοζ

36 542 37 577 1
106 509 173 571 τάν
215 513 436 597 συνηθροίσθη
456 512 491 574 δὲ
514 536 568 576 και
563 514 858 598 Ἠλσφυραγουγια
842 539 877 580 εν
894 518 948 600 τῆς
970 517 1098 584 ίιιείνοον
1119 519 1204 584 ‹ine-
1270 529 1279 542 '

106 612 225 693 σκευῆς,
249 610 305 674 καί
321 633 378 675 του
366 614 604 700 ου’ταδίλφσυ
625 637 682 678 του
668 615 915 702 Βρυεννίου’
897 616 1046 702 σχήματα
1065 621 1203 706 πράσινα

105 711 156 775 καί
175 704 258 776 άτιλοι
281 713 335 776 καί
355 711 532 797 σήμαντρα.

82 808 97 860 ⁵
197 812 451 880 Ἐπανελθάντοον
467 819 504 880 δὲ
523 819 653 883 τάντοῦ
672 823 831 902 βασιλέως
850 824 1052 906 στρατιωτῶν
1073 824 1118 897 εἰς
1139 824 1201 888 ου’.

103 915 165 992 τόν,
195 917 284 1000 χαρά
307 941 355 993 τις
381 921 492 982 τοῦτον
519 923 575 985 ναί
594 920 671 998 τοάς
690 926 767 1007 περί
786 921 884 988 αὐτὸν
915 930 1095 1010 περιέλαβε.
1137 935 1202 1002 τοῖς

105 1019 138 1082 δὲ
158 1021 348 1097 Βυζαντίοις
374 1021 469 1085 ου’δὲν
496 1019 619 1086 τούτων
646 1025 839 1107 θεραπεῦον
857 1025 1040 1108 ε’δείιινυτυ,
1074 1023 1124 1093 δτι
1145 1025 1202 1112 την

103 1121 160 1182 τοῦ
179 1121 338 1203 βασιλέως
365 1122 474 1208 μάχην
504 1124 559 1186 καί
571 1124 636 1188 .τοῦ
660 1127 837 1209 Βρυτννίυυ
868 1126 993 1212 κάνεριν
1014 1120 1201 1212 ἐλογίζοντο.

102 1215 163 1288 εἷλε
197 1221 261 1307 γάρ
286 1218 410 1300 ’πάντας
439 1226 508 1289 κατ’
529 1217 629 1312 άκρας
656 1225 671 1290 ὃ
702 1226 800 1303 πάθος
834 1229 890 1312 τῆς
917 1230 973 1293 τοῦ
1001 1227 1200 1319 Βοτανιάτου

63 1333 93 1388 10
99 1325 332 1410 χρηστότητος,
351 1329 490 1412 ·ε’πείιιερ
525 1330 692 1412 ἐγίνωσκον
721 1331 823 1393 ου’τοῦ
851 1329 884 1395 τά
917 1335 1004 1414 γένος
1026 1334 1202 1418 περιφανλς

99 1425 153 1490 καί
166 1425 247 1511 πρὸς
267 1426 343 1504 τούς
364 1425 554 1509 πολεμικούς
581 1430 706 1512 α’γιάνας
733 1428 877 1510 ἐπίδοξον
896 1429 951 1495 καί
975 1430 1117 1518 χρηστὸν
1136 1441 1200 1509 τοῖς

99 1527 239 1604 πολίταις
261 1532 317 1592 καί
336 1524 539 1615 σύντροφον,
574 1534 629 1595 καί
655 1530 753 1597 αάιὸν
776 1535 811 1597 δὲ
842 1538 1065 1617 παραπλησίαν
1087 1530 1199 1616 ἔχοντα

100 1628 143 1716 a'pi
162 1633 245 1713 γε’νει
266 1630 325 1714 τὴν
341 1627 470 1716 γνώμην
492 1632 547 1696 καί
563 1631 619 1716 τὴν
640 1634 775 1719 α’νιλρίαν
787 1635 842 1699 καί
854 1638 909 1718 τῆς
924 1635 1035 1720 ψυχῆς
1054 1632 1089 1700 τὸ
1112 1633 1200 1718 άγιδς

100 1729 362 1815 ἕχταλλτάπισμα·
411 1733 516 1809 υάδείς
536 1733 597 1819 γάρ
622 1737 760 1817 πόλεμος
791 1736 996 1818 α’γωνιστικὸς
1018 1738 1073 1803 καί
1094 1736 1200 1821 βαράς

59 1827 178 1924 Ιρείχεν
212 1832 312 1897 ου’τὸν
340 1831 400 1912 ἔξω
430 1841 493 1901 τῶν
517 1839 565 1899 ἐπ’
601 1836 686 1924 crispi
709 1830 1026 1925 άνδραγαθημάιονν,
1061 1837 1197 1920 οιλδεμιλι
1234 1897 1237 1905 ,

95 1933 281 2021 παρασκευὴ
298 1939 361 2000 τάν
385 1930 492 2020 άιιρων
515 1937 688 2022 αἰτείραιόν
708 1961 743 2001 τε
764 1940 818 2002 καί
840 1930 1016 2025 ἄγευστον,
1039 1935 1118 2004 α’λλά
1142 1941 1198 2004 κατ’

55 2137 270 2222 ἀ’γαθυτητι
298 2137 525 2224 κατεκόσμησε.
576 2140 632 2204 ιιαί
657 2139 788 2224 ἡπόλις
815 2138 912 2206 αδτόν
932 2137 1038 2260 η’γάπα
1060 2103 1116 2206 διά
1136 2166 1195 2226 την

93 2232 174 2321 άγαν
196 2238 367 2314 ἐπιείκειαν
389 2242 443 2306 καί
463 2241 625 2326 πραότητα
648 2267 702 2306 ιιαι
723 2240 758 2305 τὸ
784 2243 840 2324 τῆς
860 2240 968 2366 χειρὸς
990 2244 1024 2306 ἐν
1045 2243 1196 2326 πολέμοις

53 2342 147 2407 titani
166 2333 276 2418 άπλοις
303 2341 559 2427 άκαταγάνιστυν
580 2367 633 2407 και
663 2339 698 2406 ἐν
722 2337 882 2427 δάροις’
862 2343 1062 2427 ασάγνριτον,
1084 2367 1136 2408 ιται
1159 2342 1193 2413 τά

92 2442 198 2521 δεξιάν
220 2450 277 2509 καί
296 2441 427 2530 εὔχαρι,
449 2449 504 2511 καί
523 2448 557 2511 τὸ
581 2442 684 2530 πάσης
699 2445 887 2523 ἀλαζονείας
907 2444 962 2509 καί
974 2444 1195 2530 άπερηφανιάς

91 2548 259 2629 τυγχάνειν
281 2542 380 2612 αάτὸν
400 2548 618 2642 ὑψηλότερον,
647 2550 704 2614 καί
731 2544 766 2612 τά
788 2544 827 2632 δὴ
849 2546 968 2629 μεῖζον,
990 2534 1194 2632 άνίγιιλητον·

92 2648 222 2713 οάδίπω
241 2649 302 2735 γάρ
324 2649 451 2715 ἀδικίαν
472 2650 682 2737 κατενεκλὴθη
702 2648 790 2753 παρά
813 2671 895 2727 τινος
917 2655 992 2734 παρ’
1015 2642 1106 2724 ὅλαις
1125 2655 1195 2727 ταῖς

164 2828 373 2884 Άώωᾱ

91 2993 168 3063 lique
187 2996 294 3047 ratione
321 2995 399 3047 etiam
433 3010 466 3046 ex
486 2994 629 3064 equitibus.
673 2985 803 3064 conperta
826 3002 914 3046 antem
934 3002 974 3047 est
997 2994 1076 3047 etiam
1095 2993 1211 3061 praeda.
1248 3032 1252 3038 ,

92 3082 127 3117 ex
145 3066 255 3145 illerum
273 3068 470 3134 impedimentis
488 3076 515 3118 et
534 3067 622 3118 fratris
641 3065 771 3135 Bryennii
791 3082 884 3119 currus
903 3067 1003 3119 virides
1026 3074 1053 3117 et
1070 3066 1156 3135 signa.

192 3154 320 3208 Reversis
338 3164 426 3207 antem
445 3158 518 3224 regis
542 3154 671 3207 mssitibus
691 3156 723 3206 ad
751 3171 809 3206 enm
829 3156 953 3223 gaudium
973 3154 1102 3223 quoddam
1120 3154 1192 3205 hune

92 3236 119 3279 et
138 3228 184 3294 qni
204 3229 276 3279 circa
295 3238 451 3292 sumerent,
472 3230 553 3295 cepit.
590 3228 727 3293 Byzantiis
750 3236 837 3278 antem
855 3226 923 3277 nihil
943 3227 1036 3277 horum
1055 3224 1122 3276 utile
1140 3240 1191 3309 ap-

90 3299 217 3367 parebat,
244 3316 302 3351 enm
320 3302 394 3368 regis
420 3315 536 3372 pugnarn
560 3308 587 3351 et
603 3298 732 3365 Bryennii
756 3306 920 3365 reputarent.
959 3298 1103 3364 occupavit
1121 3298 1191 3349 enirn

90 3387 184 3423 omnes
202 3387 330 3423 summurn
349 3373 509 3424 desiderium
527 3373 634 3423 virtutis
652 3370 824 3433 Botaniatae,
854 3369 1065 3438 quandoquidem
1085 3382 1190 3437 cogne-

89 3443 202 3496 scebant
229 3445 287 3495 eins
312 3456 396 3511 genus
421 3442 521 3494 clarum
546 3442 623 3494 etad
642 3442 743 3494 bellica
767 3442 910 3494 certamina
928 3441 1054 3505 illustre,
1078 3449 1104 3492 et
1122 3440 1190 3493 utile

90 3515 197 3566 civib'ns
219 3522 246 3566 et
263 3516 443 3599 coniunctam,
462 3524 542 3584 atque
560 3515 646 3582 ipsum
665 3514 779 3571 similem
798 3513 898 3566 habere
918 3514 1012 3583 generi
1030 3515 1190 3565 sententiam

90 3595 120 3638 et
137 3586 320 3638 fortitudinem
340 3595 367 3638 et
384 3588 464 3638 animi
483 3602 572 3639 sanam
590 3586 789 3671 gloriationem.
813 3584 917 3637 nullum
937 3585 1006 3636 enirn
1025 3584 1152 3637 bellum
1142 3600 1189 3635 rn-

90 3674 158 3727 gens
182 3666 210 3709 et
227 3673 311 3725 grave
339 3656 455 3710 habebat
473 3675 533 3710 eum
557 3668 632 3711 extra
651 3659 779 3711 victorias
802 3656 894 3709 nullus
912 3663 1054 3741 apparatas
1072 3670 1189 3709 summo.

88 3746 148 3782 rum
176 3739 314 3797 expertem
334 3740 362 3782 et
379 3731 500 3795 inanem,
518 3732 567 3783 sed
592 3738 619 3781 et
643 3732 717 3783 ducis
733 3731 904 3798 magistratus
926 3737 952 3781 et
969 3731 1043 3797 ipsos
1061 3728 1189 3780 maximos

89 3802 233 3869 prudentia
254 3810 281 3853 et
300 3802 455 3855 fortitudine
475 3810 502 3853 et
525 3804 624 3854 virtute
643 3804 758 3854 ornavit
802 3811 881 3871 atque
899 3801 962 3854 urbs
982 3817 1041 3852 enm
1060 3798 1190 3867 diligebat

89 3881 201 3959 propter
219 3889 344 3926 suminam
364 3875 532 3927 elementiam
548 3881 576 3925 et
596 3873 734 3925 lenitatem
754 3880 780 3924 et
797 3888 901 3924 manum
921 3875 949 3923 in
965 3871 1047 3925 bellis
1067 3879 1094 3921 et
1111 3871 1190 3922 armis

17 3945 22 3969 ⁸
89 3947 217 3997 invictam
237 3953 264 3997 et
282 3947 310 3997 in
328 3948 404 3998 donis
423 3944 667 4012 incomparabilem,
685 3952 712 3995 et
729 3944 800 4011 quod
819 3936 912 3995 dexter
932 3952 959 3995 et
970 3951 1061 4011 gratus
1080 3950 1107 3993 et
1118 3942 1190 3993 omni

89 4017 242 4070 hnmilitate
262 4025 290 4071 et
306 4018 433 4085 superbia
451 4026 509 4069 erat
529 4018 661 4085 superior,
682 4024 724 4079 et,
744 4014 815 4083 quod
832 4016 915 4066 mains
934 4022 989 4079 est,
1006 4014 1121 4066 nondum
1140 4028 1189 4065 ae

89 4097 211 4142 ensatas.
230 4090 347 4142 nondum
364 4091 434 4140 enim
446 4098 555 4158 prepter
568 4088 723 4140 iniustitiam
741 4094 881 4139 aecusatus
900 4094 958 4138 erat
975 4102 990 4138 a
1010 4084 1142 4155 qnoqnam
1160 4086 1189 4137 in

88 4162 212 4219 omnibns
230 4164 287 4216 suis
306 4162 474 4215 actionibus.
500 4170 580 4232 atque
597 4162 675 4215 testis
693 4161 768 4228 ipse,
787 4159 833 4228 qui
852 4158 904 4211 hoe
922 4158 1029 4227 scribo,
1049 4174 1107 4217 sam
1123 4172 1188 4228 epa,
