2967 4825
276 223 327 297 so
570 183 790 295 urculums
820 194 1082 315 immonis

275 396 399 475 κίσταις
423 383 622 471 έπαχχελίαις
646 382 703 451 τόν
723 380 863 468 ἄρχοντα
882 382 1003 469 ταύτης
1025 376 1300 465 καταστησάμενος
1322 371 1383 443 εύ-

277 497 374 571 ελπιν,
397 490 562 558 συνέπεισε
585 490 787 569 μεταθέσθαι
806 484 886 569 πρός
913 483 953 550 τά
978 482 1115 569 ἡμέτερα
1137 483 1192 545 καί
1211 475 1269 563 ’τὴν
1290 477 1383 543 πόλιν

276 594 397 658 θέσθαι
413 590 593 671 Ῥωμαίοις.
652 590 707 652 καί
737 581 753 648 ό
776 591 835 667 μὲν
853 588 897 668 μη
923 584 1135 668 διαψευσθείς
1166 578 1224 657 τάς
1249 582 1383 655 ἐλπίδας

276 694 310 757 έν
332 671 522 771 εόπάθείαις
544 688 599 753 καί
619 687 774 773 άβρότησι
789 687 843 752 καί
858 687 1034 752 ἀντιδόσεσι
1050 682 1188 767 κτήσεων
1209 682 1264 746 καί
1281 674 1381 759 άξιω-

275 795 383 877 μάτων
411 794 568 874 μεγίστων
601 786 656 855 τόν
687 791 756 870 βίον
782 783 882 855 εἷλκεν
915 785 1104 887 ἐπέραστον·
1161 779 1180 866 ἡ
1214 783 1406 863 δὲιπόλιςῤ

273 888 386 976 χάραν
407 913 441 956 τε
474 883 592 973 πολλὴν
626 885 744 971 ἔχουσα
774 892 830 953 καί
858 888 1004 969 πολίχνια
1027 880 1080 948 ύπ’
1104 877 1224 966 αότην,
1248 882 1391 967 δουκικῇ.

202 1013 210 1023 “
275 974 620 1078 κατεκοσμήθηάρχῇ,
651 988 732 1072 πρός
754 997 820 1064 τοῖς
841 976 1024 1071 Συριακοῖς
1042 989 1100 1050 τοῦ
1127 988 1236 1067 Τιβίου
1256 976 1381 1048 διακέι·

274 1098 353 1179 μόνη
377 1090 498 1177 όρίοις,
531 1096 586 1155 καί
607 1084 645 1173 ἤν
673 1090 750 1173 ἡμῖν
770 1089 953 1174 χαράκωμα
972 1093 1118 1171 μέγιστον
1139 1084 1195 1150 καί
1214 1082 1379 1167 οἷποτροπὴ

275 1197 339 1260 τεόν
360 1196 481 1260 ἐκεῖθεν
511 1190 688 1275 εἰσβάλλειν
717 1190 897 1272 μελλόντων
923 1191 1095 1273 βαρβάρων
1117 1190 1162 1262 εἰς
1181 1184 1238 1271 την
1262 1188 1381 1269 Ἰβηρι-

275 1297 342 1380 κὴν.
385 1291 420 1359 τό
442 1297 479 1359 δὲ
501 1291 660 1380 φειδωλόν
682 1296 742 1356 τού
765 1296 956 1375 κρατοῦντος
988 1293 1042 1361 καί
1062 1286 1177 1375 ταύτης
1203 1284 1277 1374 τούς
1298 1283 1381 1353 Ῥω·
1392 1296 1427 1348 1⁰

274 1382 389 1480 μαίους
412 1393 594 1480 έστέρησεν·
639 1396 709 1459 ἐκεῖ
728 1393 790 1479 γάρ
819 1395 999 1479 σιτηρέσιον
1023 1394 1077 1456 καί
1107 1388 1180 1455 όέν
1198 1390 1296 1479 ταύτῃ
1318 1415 1383 1455 σα-

275 1498 399 1581 τράπης
416 1496 585 1580 ἐλάμβανε,
605 1496 791 1582 προσελθοόν
813 1519 860 1569 τις
881 1495 1048 1578 Ἀρμένιος
1067 1492 1274 1577 Παγκράτιος
1295 1488 1382 1558 ούτω

277 1596 469 1678 καλούμενος
495 1599 538 1682 τῷ
565 1601 709 1677 βασιλεῖ,
746 1598 931 1660 συντίθεται
964 1594 1065 1683 τοότρι
1094 1594 1150 1658 καί
1178 1593 1382 1677 ύπισχνεῖται

277 1701 377 1783 χωρίς
406 1720 490 1773 τινος
524 1696 718 1780 άπολήψεοος
751 1696 807 1778 τὴν
831 1697 979 1781 τοιαύτην
1008 1691 1115 1780 α’ρχὴν
1142 1698 1307 1777 μετελθεῖν
1325 1694 1403 1781 καίΙ

277 1798 464 1882 κρειττόνως
485 1802 685 1884 συντηρῆσαι
707 1796 741 1864 τό
768 1790 859 1879 doro,
889 1799 944 1861 καί
964 1792 1024 1882 όση
1045 1796 1144 1884 τούτῳ
1168 1798 1383 1881 παραπέφυκε
1393 1808 1428 1861 15

277 1889 457 1982 σόγκτησις.
501 1901 557 1962 καί
577 1899 732 1980 λαμβάνει
754 1896 809 1964 τόν
832 1900 967 1979 βασιλέα
999 1900 1038 1985 τῇ
1058 1898 1229 1977 ὑποσχέσει
1250 1919 1383 1961 συνεπι-

276 1994 430 2078 νεύοντα,
462 2001 517 2062 καί
538 1997 615 2077 δούξ
638 1999 883 2079 ἀποδείκνυται,
916 2001 970 2061 καί
995 1993 1229 2080 καταλαμβάνει
1260 1995 1384 2087 τὴνιέν

280 2095 404 2173 τούτοις
423 2098 600 2183 ἡγεμονίαν.
655 2100 791 2177 α’ναξίως
822 2100 857 2162 δὲ
887 2097 925 2163 τά
961 2094 1128 2183 πράγματα
1159 2100 1303 2179 διοικῶν,
1328 2099 1386 2162 καί

278 2200 359 2285 μήτε
381 2201 421 2287 τῇ
448 2198 616 2282 α’κροπόλει
637 2208 726 2266 σῖτον
759 2198 801 2277 ὥς
832 2198 867 2266 τό
905 2200 988 2275 εἰκός
1021 2196 1284 2283 προμηθούμενσς
1305 2196 1384 2281 μήτι

247 2300 248 2308 ’
280 2294 356 2365 itio
377 2324 408 2366 τι
441 2294 655 2386 ἢπολεμικόν
688 2298 892 2385 ἢπολιτικόν
911 2302 1024 2385 Ἰόρθοῖς
1049 2302 1104 2365 καί
1123 2300 1260 2383 βεβαίως
1281 2301 1432 2380 spuo-20

280 2399 478 2485 ρευόμενος,.
501 2402 547 2478 εἷς
575 2404 734 2487 μεγάλους
763 2402 929 2480 κινδύνους
959 2401 1015 2488 τὴν
1033 2402 1221 2484 θαυμασίαν
1249 2405 1385 2487 παρενέ-

279 2508 359 2585 βαλε
394 2503 498 2570 πόλιν.
549 2505 737 2591 παροδεύων
772 2505 834 2592 γάρ
870 2502 885 2569 ό
930 2502 1098 2578 οουλτάνος
1134 2505 1263 2569 ,ἐκεῖθεν
1293 2529 1387 2588 ,παν-

117 2685 119 2692 .
179 2644 186 2648 -
281 2606 415 2696 οτρατιηῖ
444 2609 552 2693 (τούτο
583 2605 644 2691 γάρ
679 2597 725 2691 ἦν·
752 2599 851 2689 όνομα
881 2608 925 2694 τῷ
950 2605 1069 2673 τούτων
1100 2603 1280 2693 έξάρχοντι)
1308 2609 1386 2690 παρ’

184 2922 207 2939 ““
280 2910 402 2966 maximis
421 2911 560 2981 promissis
584 2912 682 2967 ducem·
706 2911 785 2968 buius
809 2913 922 2969 roddens
945 2929 994 2983 spe
1018 2914 1116 2968 elatum
1143 2900 1276 2983 persuasit
1299 2915 1325 2966 ei
1354 2921 1386 2968 ut
1481 2915 1482 2920 ’

283 2986 410 3037 transiret
425 2985 460 3037 ad
477 2994 583 3038 nostros
602 2995 629 3038 et
648 2986 739 3038 urbem
759 2987 867 3040 Graecis
885 2987 1016 3052 traderet,
1040 2996 1122 3056 atque
1140 2987 1185 3038 hic
1204 2986 1309 3054 quidem
1327 3002 1385 3038 nou

283 3056 426 3108 fallebatur
444 3059 687 3124 exspectationibus
705 3067 731 3110 et
749 3060 776 3110 in
795 3057 899 3111 luxuria
918 3067 944 3110 et
956 3059 1070 3110 mollitie
1088 3066 1115 3109 et
1132 3059 1208 3110 donis
1228 3060 1385 3125 possessio.

280 3145 344 3181 uum
363 3136 390 3180 et
408 3129 566 3197 dignitatum
583 3131 754 3182 maximarum
782 3132 864 3183 vitam
888 3131 1043 3182 traducebat
1061 3129 1210 3181 amabilem.
1248 3129 1310 3182 urbs
1329 3147 1384 3182 au.

281 3207 449 3251 tem-terram
467 3202 574 3253 multam
593 3203 693 3254 babens
709 3201 744 3253 et‘
758 3204 855 3270 oppida
877 3203 926 3254 sub
946 3219 977 3254 ea
996 3200 1085 3254 ducali
1104 3203 1232 3254 instructa
1249 3211 1311 3254 sunt
1329 3204 1384 3252 im.

281 3273 358 3339 perio
378 3272 411 3323 ad
427 3271 551 3338 Syriacos
571 3273 638 3325 libii
663 3275 808 3326 constituta
832 3275 908 3326 fines.
953 3283 1033 3342 atque
1059 3282 1115 3325 erat
1138 3273 1216 3324 uobis
1242 3274 1385 3334 castellum

279 3344 430 3408 maximum,
453 3353 479 3396 et
498 3345 619 3397 defensio
638 3354 730 3397 contra
747 3347 852 3413 ingredi
873 3346 933 3398 iude
952 3345 1075 3398 volentes
1093 3344 1219 3397 barbaros
1238 3346 1267 3396 iu
1278 3344 1384 3400 Iberos.

281 3416 442 3483 parsimonia
463 3425 552 3468 autem
570 3418 736 3482 imperatoris
764 3418 842 3468 etiam
867 3417 916 3468 bac
936 3417 1051 3470 Graecos
1071 3417 1196 3484 privavit.
1235 3419 1386 3470 cumcuim

281 3494 455 3538 commeatum
484 3489 563 3538 etiam
588 3486 666 3538 buius
691 3486 797 3554 satrapa
818 3489 970 3555 acciperet,
995 3490 1086 3540 adiens
1111 3489 1217 3556 quidem
1241 3487 1385 3542 Armenius

281 3557 435 3609 Passeratius
453 3559 492 3608 sic
511 3566 622 3610 vocatus
640 3574 731 3626 regem
756 3560 898 3624 paciscitur
913 3577 971 3611 cum
984 3559 1035 3611 hoc
1052 3568 1079 3611 ot
1099 3561 1229 3627 promittit
1246 3561 1305 3612 sine
1324 3560 1385 3612 ullo

281 3628 470 3694 impedimento
489 3627 544 3680 tale
566 3630 705 3694 imperium
734 3631 863 3682 aditurum
885 3647 915 3682 se
936 3640 964 3682 et
984 3630 1080 3683 melius
1105 3639 1271 3682 servaturum
1289 3632 1385 3686 urbem

278 3706 310 3748 et
329 3707 427 3764 quanta
446 3699 472 3748 ei
502 3707 575 3750 esset
602 3702 747 3752 communis
769 3703 904 3768 possessio
930 3711 957 3754 et
980 3704 1050 3769 capit
1072 3718 1164 3772 regem
1182 3703 1314 3770 promisso
1332 3705 1384 3754 ad.

213 3771 215 3775 '
281 3777 417 3833 ruentem,
439 3778 467 3822 et
484 3771 538 3823 dux
558 3769 708 3823 declaratur
730 3780 757 3822 et
776 3781 889 3840 occupat
915 3775 942 3824 iu
963 3773 1005 3825 his
1025 3775 1178 3840 imperium,
1201 3775 1312 3843 indigne
1331 3791 1385 3826 au.

282 3847 335 3892 tem
354 3856 397 3893 res
417 3857 511 3895 curans
530 3858 619 3912 neque
647 3847 702 3895 arci
732 3844 891 3896 frumentum
915 3853 944 3895 ut
970 3861 1018 3912 par
1044 3853 1101 3896 erat
1120 3859 1273 3914 comparans
1292 3863 1384 3914 nequ-e

281 3911 356 3964 aliud
375 3914 438 3981 quid
456 3912 584 3966 bellicum
603 3924 648 3966 aut
666 3915 747 3969 civile
767 3923 841 3967 recte
862 3924 888 3967 et
909 3917 1012 3969 sortiter
1030 3933 1123 3986 agens,
1142 3919 1170 3970 iu
1190 3935 1285 3988 magna
1304 3921 1384 3986 peri.

282 3983 344 4034 cula
364 3984 545 4037 admirabilem
563 3988 662 4038 deiecit
687 3988 788 4040 urbem.
832 3990 1052 4056 praeterveniens
1080 3991 1150 4041 euim
1174 3990 1292 4044 sullanus
1318 3992 1384 4043 inde

281 4060 339 4106 toto
359 4058 477 4107 exercitu
497 4057 563 4126 (hoc
589 4060 658 4110 enim
684 4067 740 4112 erat
763 4075 860 4112 nomeu
885 4060 976 4111 horum
997 4063 1127 4132 principi)
1149 4062 1182 4113 ab
1201 4077 1234 4114 eo
1253 4071 1279 4114 et
1298 4077 1384 4131 prae.

281 4132 358 4184 terea
376 4127 458 4179 misso
476 4131 552 4196 regio
570 4145 650 4184 servo
669 4131 745 4184 nulla
762 4132 923 4186 necessitate
943 4137 1035 4185 contra
1053 4133 1134 4185 talem
1155 4134 1247 4186 urbem
1266 4135 1299 4188 ad
1317 4134 1383 4188 bel-
