2967 4825
517 212 733 349 'nomme
950 287 954 298 ·
1101 277 1175 356 tao

90 432 225 517 ἔχθιστος
253 431 401 522 έλογίσθη
435 440 479 526 τῷ
504 464 538 505 τε
566 446 720 531 λογοθέτη
752 439 807 507 καί
829 444 917 532 αότῷ
941 448 1075 527 dorstet
1121 451 1178 514 καί

91 533 192 600 αότίκα
213 534 288 612 τοός
307 529 439 616 ἄξοντας
458 540 556 607 αότόν
583 542 785 627 ἀνάρπαστον
811 547 1042 623 ἐξαπέστειλαν.
1087 540 1105 609 ό
1127 550 1177 631 δέ,

90 632 228 718 προγνοός
249 632 285 700 τό
305 640 361 723 τῆς
383 641 476 725 όργῆς
499 643 726 728 ἀκατάσχετον,
750 645 838 722 ἐντός
859 647 965 712 είσέδυ
988 650 1043 733 τῆς
1064 650 1177 713 δευτέ-

90 762 137 821 ρας
157 742 270 822 σκηνῆς
298 743 356 803 τοῦ
387 742 527 826 μεγόλου
556 749 638 809 ναοό
666 752 722 829 τῆς
746 741 838 829 όγίας
859 753 994 834 σοφίας,
1017 735 1083 834 ἥτις
1101 745 1175 833 όίγια

69 843 137 919 5μὲν
157 839 253 922 όγίανν
273 849 337 917 τοῖς
370 838 470 908 πόλαι
492 848 747 932 κατανομόζετο,
779 843 855 932 ἡμῖν
880 851 915 912 δὲ
942 858 1005 924 τοῖς
1025 853 1080 934 τῆς
1102 851 1175 926 νέας

89 938 230 1024 διαθήκης
258 941 338 1024 πρός
360 945 463 1033 τοότφ
495 944 550 1010 καί
568 948 793 1032 θεσιαστήριον
815 948 869 1012 καί
890 944 1006 1015 όδυιον
1028 956 1082 1015 καί
1102 948 1185 1044 limo
1234 996 1238 1000 -

88 1039 220 1125 στηριον·
263 1043 319 1108 καί
343 1050 408 1110 τῶν
426 1047 523 1112 θείων
542 1047 638 1131 όπρίξ
664 1046 815 1132 ἐχόμενος
842 1050 938 1138 τόπον
962 1053 1097 1128 α’συλίας
1117 1051 1175 1136 τήν

87 1145 167 1208 θείαν
187 1148 324 1211 ἐποιεῖτο
346 1149 525 1232 corrippo.
580 1149 650 1214 ἀλλ’
672 1147 703 1215 οἱ
725 1157 936 1238 πεμφθέντες,
959 1151 1014 1219 εἴτ’
1035 1155 1068 1230 ἐξ
1091 1153 1176 1230 ἰδίας

87 1245 221 1326 όοεβείας
240 1250 297 1312 καί
314 1252 492 1334 θηριωδίας
513 1247 570 1315 εἴτ’
600 1253 633 1315 έκ
657 1258 873 1338 παραγγελίας
903 1258 959 1320 τοῦ
981 1257 1173 1337 πέμψαντος,

55 1349 172 1431 ιθμηδέν
190 1349 421 1434 εὐλαβηθέντες
442 1353 518 1436 μηδ’
538 1349 769 1437 όποπτηξαντες
791 1352 846 1438 τὴν
871 1346 968 1432 ὄντως
989 1338 1200 1422 θεότευκτον’

85 1445 188 1533 σκηνὴν
211 1451 267 1515 καί·
289 1454 353 1515 ταῖν
372 1449 532 1535 ου’ρανίαιν
558 1453 745 1531 όντίτυπον,
766 1453 856 1519 ’ἄλλό
881 1462 925 1546 spi
946 1461 1042 1545 θυμῷ
1066 1461 1173 1539 μεθυ-
1255 1471 1257 1476 ’

86 1553 202 1626 σθίιτες
222 1554 278 1615 καί
295 1553 447 1636 βακχικόν
465 1570 502 1617 τι
535 1554 590 1618 καί
621 1552 807 1638 α’ρειμόνιον
830 1556 1123 1644 συμφρονήσαντες,
1148 1552 1170 1642 ἢ

86 1647 115 1714 τό
132 1675 163 1734 γε
194 1653 406 1740 ’ἀληθέστερον
430 1658 547 1740 εἰπεῖν,
584 1655 733 1742 όφρόναις
766 1655 1005 1744 ἐπινοήσαντες,
1026 1661 1071 1735 εἰς
1093 1655 1171 1725 αότό
1182 1659 1201 1717 f·
1213 1665 1266 1724 224
1276 1681 1302 1721 r.

85 1751 115 1816 τό
133 1753 184 1819 καί
204 1754 348 1839 ἀγγέλοις
372 1757 538 1837 αἰδέσιμον
565 1761 683 1843 φονίοις
717 1758 957 1827 εἰσιλαόνουσιν
982 1759 1173 1845 ἱλαστήριον,
1243 1805 1249 1818 ·

53 1853 130 1919 15καί
147 1857 199 1922 τόν
221 1857 376 1941 α’ρχιερέα
398 1856 544 1944 ξιφήρεις
567 1852 653 1934 ὄντες
675 1859 879 1943 ἀνάρπαστον
898 1861 1104 1946 ποιησόμενοι
1127 1864 1173 1951 τῷ

84 1961 200 2037 βασιλεῖ
223 1962 431 2044 παριστῶσιν.
480 1957 499 2020 ό
531 1962 566 2023 δέ
598 1962 765 2044 α’νηκεστου
792 1964 851 2044 μέν
882 1964 976 2028 ου’δέν
1009 1965 1055 2036 εἷς
1077 1955 1173 2028 αότόν

85 2058 276 2142 διεπράξατο,
308 2063 367 2143 τήν
387 2084 421 2125 τε
441 2063 624 2145 παρρησίαν
652 2064 709 2126 rosi
738 2061 855 2146 α’νδρός
875 2065 1038 2139 αἰδεσθείς
1060 2068 1114 2129 καί
1135 2061 1173 2127 τὰ

84 2162 112 2223 ἒν
128 2158 227 2244 λόγοις
249 2161 430 2243 εόδόκιμον,
450 2165 506 2227 καί
524 2160 582 2245 τήν
612 2164 673 2227 dud
704 2168 759 2229 τοῦ
781 2169 874 2230 θείου
895 2168 1020 2247 νέμεσιν
1043 2167 1098 2230 καί
1118 2163 1174 2230 τόν

83 2263 112 2324 έκ
129 2266 182 2326 τοῦ
203 2267 437 2348 θυσιαστηρίου
459 2261 669 2346 καταπλαγείς
692 2260 869 2347 ἑλκυσμόν·
914 2267 949 2332 τό
976 2271 1011 2332 δὲ
1032 2268 1088 2351 τῆς
1108 2291 1171 2330 πα-

51 2363 224 2447 λδρανομίας
239 2365 294 2429 καί
315 2366 446 2445 ότοπίας
468 2364 669 2453 ἐκληρώσατο
681 2375 785 2450 μίσος
804 2373 838 2435 έκ
852 2357 955 2455 πόσης
970 2369 1094 2454 ἡλικίας
1117 2371 1174 2435 καί

82 2459 169 2550 ιόχης
188 2468 244 2532 καί
258 2461 399 2553 φόσεας.
1012 2489 1019 2499 ’

172 2566 240 2633 Καί
258 2568 304 2647 ὥς
324 2572 383 2651 μέν
411 2570 442 2635 οἱ
470 2572 607 2657 α’ρχηγοί
628 2573 663 2636 έκ
687 2575 742 2639 δοῦ
772 2571 919 2638 τοιοότου
936 2574 1061 2656 μόρους
1081 2568 1177 2651 δίκας

147 2732 187 2789 tt.
213 2737 339 2807 φονείως
353 2727 385 2789 ll.

86 2882 125 2950 qui
144 2882 240 2936 clarius
260 2892 288 2935 et
307 2882 432 2936 disertius
446 2882 561 2935 consilio
580 2884 739 2936 sententiam
758 2900 831 2936 snam
850 2886 1064 2954 significaverat,
1083 2885 1175 2937 inimi.

87 2955 197 3008 sissimus
216 2955 323 3008 habitus
343 2964 384 3009 est
400 2955 558 3023 logothetae
584 2964 610 3007 ct
635 2957 688 3023 ipsi
713 2958 786 3025 regi:
815 2964 895 3025 atque
923 2959 1011 3009 statim
1038 2972 1100 3021 eos,
1128 2957 1175 3025 qui

79 3042 136 3077 reum
151 3036 253 3095 raptum
271 3035 398 3095 agerent,
417 3028 556 3080 miseruut,
594 3026 643 3078 ille
667 3036 756 3079 autem
774 3029 934 3095 praevidens
953 3030 1010 3080 irae
1037 3029 1173 3094 impoten-

86 3100 140 3150 tiam
156 3116 189 3152 se
204 3099 329 3154 subduxit
346 3102 417 3152 intra
434 3100 577 3152 secuudum
594 3100 738 3151 tentorium
756 3101 846 3168 magni
874 3099 967 3166 templi
992 3107 1100 3151 sanctae
1127 3114 1173 3151 sa-

86 3172 208 3236 pientiae,
229 3188 300 3241 qnae
326 3173 432 3240 quidem
451 3178 709 3224 sanctasanctorum
734 3186 750 3221 a
775 3173 871 3237 priscis
902 3172 1067 3235 vocabatur,
1094 3170 1173 3223 nobis

88 3251 164 3294 autern
181 3245 227 3313 qui
244 3258 317 3297 novo
337 3244 440 3295 foederi
460 3242 578 3295 adstricti
597 3259 696 3306 snmus,
715 3251 856 3309 praeterea
877 3244 956 3294 etiam
974 3258 1019 3294 ara
1048 3251 1074 3293 et
1086 3256 1174 3309 pene-

87 3314 145 3366 trale
163 3325 189 3367 et
208 3316 368 3368 clementiae
388 3316 475 3379 sedes,
495 3323 522 3373 et
541 3317 617 3383 signa
641 3316 732 3367 divina
762 3316 989 3371 assidue‚tcnens
1015 3314 1077 3365 loco
1104 3311 1175 3379 asyli

87 3386 191 3439 divinum
215 3389 266 3440 sibi
292 3387 452 3440 conciliabat
469 3388 639 3454 praesidium.
677 3387 723 3439 sed
743 3388 788 3455 qui
806 3388 880 3439 missi
899 3396 983 3452 erant,
997 3386 1055 3439 sive
1066 3384 1174 3453 propria
1230 3384 1231 3387 ’

87 3459 210 3525 impietate
229 3469 257 3511 et
274 3461 436 3511 immanitate
455 3460 513 3511 sive
533 3461 608 3511 iussu
627 3460 695 3522 eins,
716 3461 761 3525 qui
781 3460 964 3523 conmiserat,
983 3456 1051 3509 nihil
1071 3471 1173 3509 caven.

87 3537 121 3581 tes
136 3548 222 3600 neque
241 3541 368 3586 verentes
387 3547 484 3584 revera
502 3531 621 3584 divinum
639 3532 783 3581 tentorium
804 3540 830 3583 et
849 3528 1006 3583 coelestium
1019 3530 1173 3597 imaginem,

88 3603 127 3653 sed
144 3605 227 3655 animo
248 3604 315 3655 ebrii
335 3611 362 3655 et
379 3603 535 3655 bacchicam
554 3603 618 3671 quid
637 3610 664 3653 et
682 3600 749 3654 belli
769 3604 885 3655 furorem
905 3605 1036 3670 spirantes
1063 3602 1122 3653 sive
1146 3598 1174 3650 id

88 3676 148 3740 quod
166 3678 255 3728 verius
274 3684 315 3729 est
333 3677 450 3740 dictum,
469 3676 650 3741 imprudenter
670 3676 821 3743 cogitantes
839 3677 867 3726 in
891 3677 974 3742 ipsam
999 3672 1045 3725 vel
1070 3670 1175 3739 angelis

89 3747 260 3799 venerabilem
278 3764 352 3799 more
372 3746 564 3799 homicidarum
583 3748 688 3797 irruunt
706 3748 867 3799 clementiae
886 3749 975 3799 sedem
992 3752 1031 3795 'et
1048 3758 1175 3798 summum

88 3820 227 3881 pontilicem
246 3820 343 3889 gladiis
361 3820 483 3873 instructi
502 3820 608 3886 rapiunt
627 3826 654 3868 et
671 3820 729 3886 regi
750 3822 922 3871 constituunt.
961 3822 984 3870 is
1003 3824 1090 3867 autem
1111 3831 1175 3866 cru..

88 3888 139 3940 delo
156 3892 222 3942 nibil
241 3892 270 3944 in
290 3908 349 3943 enm
369 3892 509 3954 commisit,
529 3889 680 3942 libertatem
700 3890 806 3941 dicendi
824 3894 851 3941 in
870 3892 928 3941 viro
951 3889 1053 3942 veritus
1075 3894 1175 3937 ctera-

89 3960 178 4013 tionum
198 3962 322 4032 gloriam,
343 3972 370 4014 et
388 3964 479 4015 divina
498 3962 602 4013 ultione
622 3968 648 4011 et
667 3961 737 4027 quod
758 3960 790 4011 ab
809 3977 854 4011 ara
871 3964 1004 4013 detractus
1030 3965 1104 4021 erat,
1124 3956 1176 4008 ob.

87 4035 249 4100 stupelactns.
289 4037 378 4087 odium
397 4043 485 4085 autem
505 4034 618 4085 iniuriae
638 4040 665 4083 et
683 4031 844 4084 insolentiae
864 4034 973 4085 sortitus
994 4035 1035 4082 est
1052 4029 1085 4107 ab
1104 4028 1177 4081 omni

72 4112 163 4165 ¹aetate
183 4116 209 4159 et
227 4108 334 4161 fortuna
355 4113 383 4159 et
399 4114 500 4158 natura.
1057 4108 1059 4113 ’

172 4207 261 4278 Atque
283 4204 415 4277 quomodo
434 4204 515 4260 duces
534 4210 644 4273 propter
663 4201 719 4255 tale
738 4202 827 4257 odium
846 4215 947 4272 poenas
965 4214 1020 4256 uon
1046 4200 1091 4254 diu
1114 4203 1175 4269 post
