2967 4825
706 114 723 157 ί

265 254 314 333 ιι
406 240 408 245 ’
553 263 774 371 urceum
795 262 1066 343 ‘scurcula

262 423 402 513 θηκάςό
424 425 583 510 βασιλεύς,
604 430 661 495 καί
678 428 871 509 βουλόμενος
889 433 1096 495 καταστεῖλαι
1115 423 1152 491 τό
1174 427 1368 512 φλεγμαῖνον

262 530 318 593 τού
340 523 464 603 πάθους
478 530 745 614 vulneramus,
768 527 973 616 ἕγγραφόντι
992 536 1127 598 ποιεῖται
1143 522 1367 603 τούτοις-κατά

264 626 319 693 τόν
339 627 563 713 ἐπισημότερον
592 624 687 694 τόπον
701 632 759 693 τού
781 630 886 715 φόρου
906 628 1290 715 ε’παναγνοισέὶησόμενον,
1309 648 1369 706 με.

264 732 405 813 τοφὲρον
429 726 487 805 τάς
505 731 607 805 οἰτιάς
630 731 684 795 ε’πί
703 729 760 814 τῆν
782 734 998 811 πεπονθυῖαν,
1020 729 1063 806 σός
1087 730 1188 813 αύτῆς
1211 729 1268 812 τῆς
1286 732 1370 810 βου-

264 832 320 913 λῆς
348 832 649 914 αροκαταρξσμόνης
685 829 917 915 ἀνδρικώτερον
945 821 1037 907 οὗτος
1070 828 1105 895 τό
1141 829 1394 914 προβούλευμαο

263 929 508 1014 κατειργάσατο,
540 931 659 1014 σκῆψιν
682 930 801 1007 πάντας
832 931 886 996 ε’πί
905 934 991 1020 scapi
1011 932 1064 1015 τῆς
1093 927 1210 999 ἑαυτοῦ
1229 930 1371 1014 κεφαλῆς

264 1028 528 1121 προμηθεόμενος
551 1029 840 1117 ψευδεπύπλαστον,
872 1029 926 1095 ἵνα
950 1036 1128 1119 περιτρέψη
1148 1025 1207 1105 τάς
1227 1030 1291 1098 τοῖν
1311 1051 1371 1092 τιε-

264 1129 429 1197 τιονθόταν
443 1128 554 1214 ψυχάς
575 1130 630 1197 καί
648 1127 683 1197 ὃν
705 1129 874 1202 ὑπώπτευε
886 1129 1073 1215 διαδράσειε
1094 1134 1248 1200 κίνδυνον.
1271 1127 1372 1201 ἔλαθε

266 1235 300 1297 όὲ
323 1230 375 1299 τόν
398 1231 516 1297 καπνόν
552 1230 743 1297 ύπεκκλίνων
772 1231 1008 1322 εἷσβαλιόνίεῖς
1037 1234 1073 1296 τό
1100 1235 1175 1317 πάρ.
1228 1232 1285 1298 τοῦ
1306 1224 1371 1313 γάρ

266 1334 433 1400 πιττακύου
456 1334 711 1415 άυοπτυχθὲντυς
740 1331 884 1409 πλεῖστος
905 1326 1006 1417 όχλος.
1022 1336 1212 1419 ἐπέρρευσεν
1246 1334 1292 1407 εἰς
1314 1330 1372 1413 τῆν
1383 1348 1419 1401 to

121 1452 141 1511 t.
162 1445 213 1503 169
229 1432 432 1521 r-ut'apo'cow,
451 1438 506 1501 κατ’
526 1436 602 1501 odet
624 1434 897 1522 δευτέρανφωνῆν
912 1437 969 1500 τού
989 1432 1255 1520 ἀναγινώσκοντος
1276 1456 1373 1515 προε-

146 1548 150 1554 ’
264 1540 362 1618 με’νυο
384 1528 503 1620 ῆρξατο
523 1533 558 1599 τό
582 1540 702 1619 πλῆθος
727 1540 823 1620 δίκην
842 1536 1087 1621 άγριαινομάνης
1106 1532 1272 1619 θαλάσσης
1290 1536 1325 1612 ἐξ
1360 1570 1373 1593 .-

266 1637 410 1704 δοόσθαύ
425 1659 463 1717 τεΙ
482 1640 537 1701 καί
559 1625 624 1701 οἷον
645 1639 869 1719 κυμαίνεσθοι,
893 1640 950 1703 καί
968 1656 1016 1713 τις
1037 1638 1163 1721 πρῶτος
1184 1638 1247 1704 τάν
1267 1630 1376 1702 άλλουν

267 1738 451 1825 όβριστικῆν
483 1734 591 1823 φωνῆν
619 1734 728 1823 α’φιεύς
764 1739 819 1802 καί
847 1740 942 1802 λίθου
974 1736 1071 1821 βολῆν
1094 1738 1237 1823 ἐπαφῆκε
1256 1733 1316 1805 σύν
1336 1738 1377 1822 τῆ

267 1844 367 1929 φωνῇ.
381 1841 496 1908 odrina
520 1829 577 1903 oda
598 1836 633 1903 τό
653 1842 898 1923 περικεχυμένον
912 1842 1033 1924 πλῆθος
1052 1840 1164 1919 ἐκεῖσε,
1183 1835 1291 1921 άσπερ
1315 1836 1376 1923 ὑφ’
1388 1852 1422 1907 15
1471 1825 1473 1856 ⁵

267 1936 398 2027 ῆγεμόνι
418 1941 497 2026 τῷδε
521 1943 562 2027 τῷ
583 1942 742 2027 δημοτικῷ
763 1940 1052 2025 στρατηγούμενον,
1072 1940 1131 2025 τῆν
1154 1936 1270 2022 ὁμοίαν
1291 1940 1376 2022 yad-

267 2067 331 2127 μην
364 2044 418 2109 καί
446 2042 585 2124 γλῶτταν
617 2042 784 2126 ἐξέρρηξε·
809 2061 813 2066 ’
838 2040 893 2105 κού
923 2040 1003 2107 κατά
1038 2046 1094 2112 τοῦ
1124 2039 1269 2124 ἐπάρχου
1291 2037 1374 2124 μετά

267 2145 346 2226 βοῆς
368 2140 424 2207 καί
443 2140 633 2225 ἀλαλαγμῶν
655 2138 884 2225 όξορμῆσαντες
911 2140 941 2207 οἱ
963 2139 1124 2225 πάρνοπες,
1145 2141 1187 2217 ὥς
1207 2136 1294 2224 εἶχεν
1312 2146 1377 2205 da·

270 2246 335 2326 μού
354 2242 411 2313 κού
428 2236 532 2327 όργῆς,
571 2242 627 2307 κατ’
648 2240 705 2319 τάς
724 2245 790 2307 τεόν
817 2243 963 2328 ἐμπόρων
980 2233 1255 2328 καταστρέψαντες
1276 2247 1379 2327 sucti-
1412 2268 1415 2272 ·

269 2349 401 2428 βοτάνας
421 2337 530 2423 intua
552 2343 749 2429 άγγεμάχοις
780 2346 904 2424 τούτοις
933 2341 1012 2411 κατά
1034 2349 1097 2411 τῶν
1133 2347 1189 2428 τῆς
1209 2346 1424 2430 βασιλικῆςφρ

201 2514 203 2518 ,
270 2450 386 2530 μοι’ρας
407 2446 463 2512 καί
483 2449 546 2512 τῶν
563 2449 746 2531 ἑπαρχικιόν
761 2448 1004 2533 κατεχρήσαντο.
1045 2449 1102 2524 κατ’
1120 2444 1252 2521 τούτους
1273 2438 1378 2529 άρδην

268 2549 502 2632 καταβαλόντες
535 2551 590 2613 καί
608 2556 723 2634 φυγεῖν
755 2549 897 2632 αἰσχραῖς
925 2544 1157 2631 ἀναγκάσαντες
1187 2547 1225 2611 ού
1249 2548 1380 2613 διασκε-

211 2717 218 2721 .
272 2647 456 2736 δάοθησαν,
476 2640 527 2714 οἷα
548 2646 586 2714 τά
608 2651 665 2714 τοῦ
687 2654 866 2735 συμμιγοῦς
891 2646 1033 2736 πλήθους
1044 2649 1100 2714 καί
1117 2638 1294 2736 χηρεύοντα
1314 2648 1383 2732 άρ-

344 2811 386 2866 22.
408 2811 628 2882 καταβάλλοντες
647 2811 677 2866 G.
751 2826 753 2833 ’

1267 2861 1275 2892 l

272 2967 445 3036 recitandam,
465 2983 533 3037 quac
554 2983 646 3022 causas
669 2967 804 3022 conferret
830 2969 858 3020 in
882 2973 989 3032 casum}
1012 2976 1106 3024 senatu
1132 2970 1191 3036 ipso
1211 2975 1289 3022 autea
1304 2969 1381 3022 inci.

273 3041 375 3110 pionte,
394 3039 503 3093 virilius
520 3039 563 3094 hic
584 3040 724 3092 consilium
745 3039 871 3104 confecit,
892 3041 1089 3092 excusationem
1117 3042 1224 3092 omniuo
1241 3041 1310 3092 malo
1329 3058 1381 3093 ca.

273 3113 336 3180 pitis
356 3113 397 3164 sui
416 3113 572 3178 excogitans
593 3113 689 3176 lictant,
710 3120 740 3163 ut
757 3111 880 3166 flecteret
904 3129 1005 3177 corum,
1023 3114 1068 3180 qui
1080 3112 1180 3180 aliquid
1201 3114 1272 3178 passi
1292 3122 1381 3177 eraut,

273 3185 375 3236 animos
407 3192 433 3235 et
457 3185 528 3253 quod
553 3184 737 3251 suspicabatur
761 3185 893 3253 effugeret
920 3185 1078 3251 periculum.
1124 3184 1173 3236 sed
1189 3185 1290 3236 inscius
1318 3200 1382 3236 euru

273 3255 372 3308 fumum
391 3257 489 3308 vitaret
513 3256 606 3307 incidit
629 3257 656 3307 iu
681 3258 789 3324 ignem:
818 3255 908 3307 tabula
935 3257 1005 3307 enirn
1031 3255 1141 3307 evoluta
1164 3255 1278 3322 plurima
1300 3255 1382 3322 plebs

193 3326 197 3328 ’
274 3325 403 3378 conduxit
428 3327 460 3378 ed
487 3342 544 3379 earn
561 3327 732 3380 audiendam:
759 3336 786 3378 et
810 3343 869 3378 curu
896 3327 993 3378 nedum
1021 3327 1131 3379 alteram
1159 3327 1264 3394 quidem
1283 3342 1383 3380 vocem

273 3399 369 3466 legens
389 3399 596 3465 pronuntiasset,
617 3399 718 3464 incepit
737 3398 876 3450 multitudo
902 3399 985 3450 instar
1009 3399 1155 3451 saevientis
1178 3399 1258 3450 maris
1278 3407 1383 3452 tumes.

275 3463 346 3522 cere'
360 3479 386 3522 et
404 3471 480 3538 quasi
492 3469 630 3522 fluctuare.
668 3477 749 3537 atque
767 3467 864 3537 aliquis
882 3471 983 3536 primus
1002 3471 1115 3522 aliorum
1133 3470 1274 3536 superbam
1293 3486 1383 3538 quau.

276 3543 334 3594 darn
355 3556 450 3593 vocem
473 3542 596 3592 emittens
623 3541 702 3599 etiam
725 3539 822 3606 lapidis
847 3541 943 3591 iactum
973 3542 1072 3594 addidit
1094 3543 1171 3605 voci;
1190 3542 1280 3595 statim
1298 3543 1384 3610 igitur
1429 3542 1431 3545 ’

279 3611 438 3665 circumfusa
456 3611 595 3663 multitudo
615 3611 652 3662 ibi
672 3619 796 3678 tauquam
814 3626 830 3662 a
851 3612 920 3664 duce
938 3612 990 3664 hoc
1009 3613 1132 3681 populari
1149 3615 1251 3667 directa
1270 3613 1385 3672 eandem

278 3685 437 3742 sententiam
465 3690 492 3734 et
520 3682 638 3750 linguam
665 3682 802 3754 prorupit,
830 3692 856 3734 ct
883 3692 976 3736 contra
1002 3685 1168 3752 praelectum
1196 3700 1293 3753 magno
1322 3701 1385 3737 cum
1471 3688 1472 3739 3

210 3777 213 3782 ·
279 3755 395 3807 clamore
414 3763 442 3806 et
458 3753 693 3806 acclamationibus
709 3753 816 3806 bellicis
835 3756 991 3808 incedentes
1009 3758 1053 3824 qui
1067 3757 1185 3820 aderaut,
1205 3758 1242 3810 ita
1261 3765 1290 3808 ut
1307 3765 1386 3810 eraut

278 3827 359 3879 animi
385 3832 412 3878 et
428 3826 503 3891 irae,
532 3834 558 3877 et
582 3834 759 3877 mercatorum
786 3825 909 3880 delentes
929 3828 1086 3880 deversoria
1105 3830 1184 3879 aruris
1203 3828 1244 3881 his
1262 3829 1385 3880 corninus

279 3899 434 3952 adhibendis
454 3905 547 3950 contra
564 3898 654 3976 regios
675 3906 701 3948 et
724 3897 876 3964 praefectos
904 3899 980 3950 abusi
1004 3908 1084 3951 suut:
1108 3908 1188 3966 atque
1207 3899 1256 3951 hos
1274 3901 1385 3953 omnino
1471 3956 1472 3967 η

223 3986 228 3994 “
277 3971 435 4024 deiicientes
455 3978 481 4022 et
500 3969 532 4021 ad
551 3969 706 4037 fugiendum
723 3970 837 4037 turpiter
855 3976 984 4037 cogentes
1002 3986 1057 4022 non
1077 3971 1197 4037 dissipati
1216 3979 1286 4034 sont,
1307 3970 1386 4023 velut
1471 3972 1472 4005 ³

277 4042 358 4092 mixta
385 4041 540 4104 multitudo,
562 4041 630 4094 duce
656 4041 766 4106 orbata,
791 4041 838 4093 scd
866 4043 941 4109 quasi
966 4057 1082 4110 superne
1109 4043 1181 4094 ducti
1205 4041 1385 4099 nohiliurihus

279 4112 400 4166 consiliis
427 4112 459 4164 ad
486 4113 587 4164 maiora
604 4127 633 4163 se
656 4111 839 4180 collegerunt,
865 4121 892 4164 et
917 4116 1100 4166 accessionem
1129 4129 1234 4182 quaque
1262 4113 1328 4171 lucra
1350 4130 1386 4165 ex
1471 4174 1472 4179 η

277 4186 321 4252 iis,
342 4186 388 4256 qui
407 4185 484 4254 quasi
503 4183 681 4250 confluebant,
702 4184 858 4252 capiehautt
884 4200 985 4238 summa
1002 4193 1091 4237 autem
1107 4201 1169 4253 pars
1188 4185 1296 4244 consilii
1316 4193 1384 4254 erat,
1471 4234 1472 4239 ,
