2967 4825
541 258 785 363 enarrarre.
933 344 936 350 ,
1150 306 1211 394 ἱιιι

118 460 263 535 deduxit
287 463 335 536 ad
360 488 498 537 annum
529 469 634 538 1081.
670 465 788 563 Inque
813 465 884 537 hac
911 466 1022 537 altera
1044 463 1208 539 editione

117 590 247 661 multos
272 591 374 661 locos
409 591 582 661 historiae
609 591 794 662 Michaelis
818 592 1006 662 Attaliatae
1040 592 1212 663 transcri-

115 716 184 812 psit
217 714 262 785 ad
289 716 467 807 verbum,
492 716 602 787 tacito
630 716 789 787 auctoris
812 716 1210 812 commemorandoque
1268 717 1269 726 ’

116 824 342 933 omnibusiis
358 864 453 935 quae
466 839 512 911 ad
526 839 670 912 laudem
682 827 1101 936 Nicephorillotaniatae
1113 840 1211 913 diota
1265 931 1269 939 Ι

114 964 265 1035 fuerant.

214 1082 402 1155 Eiusmodi
429 1082 591 1155 fraudem
621 1070 720 1177 apud
756 1096 923 1155 auctores
958 1075 1073 1154 medii
1106 1083 1211 1175 aevi,
1247 1133 1254 1139 -

115 1209 229 1279 immo
259 1209 296 1277 in
319 1209 425 1278 ‘omni
453 1210 644 1302 memoria,
674 1234 750 1279 nou
776 1209 826 1279 ita
851 1232 992 1302 raram,
1016 1209 1110 1280 mire
1143 1206 1210 1279 nd-

112 1334 202 1404 iuvit
236 1335 447 1405 continuata
480 1333 655 1429 deinceps
680 1333 814 1408 domus
840 1334 1020 1431 regnatrix
1051 1331 1211 1408 Comne'-

114 1453 258 1528 noium.
322 1456 415 1549 Quis
442 1459 540 1529 enim
565 1471 654 1529 tunc
681 1460 892 1555 inquirebat
917 1457 963 1530 de
998 1459 1207 1555 Nicephoro

113 1583 303 1654 Botaniata
327 1583 381 1655 vel
408 1581 454 1654 de
478 1584 693 1655 bucinatore
725 1583 875 1656 laudum
909 1584 1010 1655 eiusl
1045 1608 1210 1681 praeser-

111 1709 176 1777 tim
206 1732 320 1811 quum
348 1681 529 1804 Scylitzes,
556 1708 904 1804 Br·yennins‚1lnna
931 1706 1119 1780 Comnena
1149 1733 1210 1780 ea-

112 1832 196 1903 dem
235 1834 460 1904 narraverint
499 1832 544 1903 ad
584 1834 780 1934 maximam
818 1832 1090 1905 Comnenorum
1128 1834 1210 1931 glo-

112 1958 215 2029 riam.
276 1958 389 2031 Nobis
420 1972 565 2052 tamen,
597 1961 662 2057 qui
688 1972 797 2031 testes
824 1960 861 2031 in
895 1972 1090 2056 utramque
1110 1983 1210 2064 'par-

113 2098 186 2155 tem
203 2082 340 2178 *audire
365 2086 544 2180 cupimus,
569 2086 681 2155 satius
693 2066 963 2157 videturlonles
978 2086 1077 2181 ipsos
1090 2109 1209 2183 quan-

113 2224 191 2281 tum
219 2210 304 2280 licet
325 2207 440 2301 adire,
451 2208 627 2280 ferventes
653 2208 838 2280 interdum
860 2211 916 2281 rel
927 2234 1207 2307 nonnumquam

109 2331 292 2427 turbidos,
318 2334 452 2431 quibus
472 2347 594 2404 tamen
614 2336 695 2431 plus
724 2336 864 2431 saporis
885 2336 980 2406 inest
1004 2358 1115 2432 quam
1136 2348 1208 2408 tta-

109 2460 306 2558 gnantibus
346 2461 450 2554 aquis
490 2473 551 2530 aut
582 2461 680 2531 varia
722 2460 966 2531 corrivatione
1003 2459 1209 2555 permixtis:

112 2585 234 2681 qualia
261 2583 335 2656 fere
377 2585 483 2661 nobis
517 2585 698 2680 praebent
725 2582 880 2656 Cedreni
915 2576 1078 2656 zonarae
1113 2579 1207 2657 alio-

112 2733 270 2804 rumque
305 2707 344 2779 id
374 2733 488 2804 genus
526 2707 895 2804 chronographorum
927 2711 1109 2806 Synopses
1148 2710 1204 2781 rel

109 2834 331 2930 synagogae.
980 2908 982 2917 ,

210 2948 308 3022 Talia
343 2964 518 3023 monente
554 2951 680 3045 Hosio,
716 2975 837 3022 rerum
872 2950 918 3023 ad
951 2951 1140 3023 historiam
1173 2966 1210 3023 et

111 3077 247 3146 litteras
278 3076 541 3170 pertinentium
576 3101 720 3147 summo
759 3077 922 3169 arbitro,
961 3077 1133 3174 magistro
1168 3100 1211 3150 ac

111 3200 251 3272 fautore
281 3226 396 3293 meo,
432 3201 533 3273 lacile
565 3169 713 3274 iridticta
752 3215 805 3272 est
838 3202 983 3272 illustris
1010 3173 1208 3277 Academia

111 3327 208 3423 regia
243 3327 488 3396 Berolinensis
516 3340 556 3397 ut
580 3326 764 3398 Michaelis
793 3326 979 3398 Attaliatae
1013 3327 1204 3399 historiam

111 3452 148 3521 in
163 3425 683 3548 byzantinorum'Scriptornm
712 3475 845 3546 corpus
860 3451 1053 3546 reciperen
1075 3453 1114 3524 in
1133 3477 1208 3548 quo

111 3577 181 3647 iam
211 3590 297 3648 ante
324 3575 502 3647 ducentos
529 3599 644 3647 annos
671 3577 791 3648 locum
804 3577 837 3646 ei
865 3577 1104 3675 assignaverat
1117 3577 1205 3649 Phi-

111 3689 232 3796 lippus
260 3701 437 3771 Labbeus.
1235 3795 1238 3799 .

211 3821 346 3895 Codice
369 3825 596 3921 igiturquam
622 3823 1094 3922 accuratissimedescripto,
1112 3849 1204 3921 apo-

112 3946 290 4044 graphum
317 3974 464 4041 meum,
491 3949 614 4022 denuo
643 3975 725 4021 oum
753 3951 977 4022 membranis
1011 3951 1208 4046 collatum,
1255 3934 1262 3952 i

114 4096 208 4144 anno
242 4073 337 4147 tela
361 4075 511 4146 Bonnae
551 4075 589 4147 in
619 4099 751 4147 manus
784 4073 1010 4171 bibliopolae
1042 4075 1205 4171 tradidi,
1258 4169 1270 4180 „

118 4197 220 4295 quod
256 4197 354 4272 nunc
394 4199 545 4275 demum
583 4201 720 4298 publici
762 4201 850 4272 iuria
887 4199 929 4275 fit
968 4224 1052 4274 cum
1090 4201 1201 4278 latina
1317 4237 1322 4242 ·
