2967 4825
196 205 309 330 ,not
461 262 464 267 ·
536 238 754 369 mononis
785 157 1043 311 trstuontn

231 446 326 510 μενος
348 413 535 506 ένηβράνειο
564 420 605 505 τῷ
628 420 662 494 ἐξ
687 418 792 483 odensi
822 417 983 503 πορισμῷ·
1033 415 1075 499 η’
1069 412 1113 479 δ’
1133 409 1238 477 ἔνδεια
1259 407 1337 488 mdc

231 526 352 600 πάντας
372 524 504 605 έπέεζεν,
526 543 563 585 ου
553 519 672 601 ’μόνον
685 523 745 583 rosi
762 522 852 585 σι’τσυ
866 516 945 584 αλλδ
964 522 1019 584 κατ’
1028 522 1091 584 τάν
1112 508 1215 580 ἄλλων
1229 516 1336 579 εἶδαν.

232 627 352 694 betros
371 622 431 709 γάρ
446 624 782 705 στενοχωρουμένον’
762 625 878 705 ονάγκη
897 624 951 686 κατ’
968 620 1006 686 τοὶ
1026 618 1338 699 λοιπάστενσχωρεῖ.

206 743 208 746 ’
232 730 322 812 ndns,
344 719 396 791 δτι
418 727 460 794 δι’
481 724 581 789 adseri
601 726 665 788 suiv
679 713 783 788 αλλων
795 722 897 787 αἰνέων
919 718 938 807 ,ἦ
963 714 1152 807 έπέκτησις
1134 744 1154 803 η
1152 712 1337 800 περιπυέη.

231 852 283 904 σις
301 832 439 911 γίνεται,
460 822 515 889 καὶ
541 822 571 889 οδ
595 828 848 949 μισθαρνοῦντες
869 827 1069 947 βαρυτέρους
1090 819 1167 896 rode
1194 816 1365 900 taeniotica

232 925 287 994 διά
303 924 339 993 ιδ
360 929 519 1003 ἐνδεὲς
479 950 535 1009 της
555 927 676 1049 τροηῆς
695 924 876 989 ἀπαιτοῦσι.
899 926 955 987 καλ
973 920 1074 1004 οἱμὲν
1094 916 1340 1004 α’ξιυλυγάτερσι

129 1021 132 1024 ’
232 1032 297 1095 nais
318 1025 498 1152 uigdoot'uoou
526 1050 580 1092 και
611 1026 640 1091 οἱ
669 1028 711 1113 τῷ
743 1024 901 1115 φοδνδακι
929 1022 1184 1108 πλησιάζοντες’
1169 1019 1340 1105 εγέιωσκαν

233 1127 411 1215 talendensi
431 1127 640 1212 χαλεπότητα,
661 1118 812 1191 κατάθου
832 1127 875 1212 τῷ
896 1126 1002 1212 κάσμιρ
1025 1120 1057 1187 ιδ
1080 1120 1185 1187 δεινὸν
1205 1123 1259 1203 τῆς
1281 1114 1340 1181 ἐν·

234 1232 324 1305 διιας
344 1230 450 1314 οιήδιός
475 1227 666 1292 ἐπεπόλασε·
724 1226 812 1291 τὸδ’
833 1216 942 1291 ἄδικον
964 1222 1129 1309 κέρδος,“
1104 1246 1146 1298 ως
1166 1220 1341 1307 φάρμακον
1480 1294 1481 1309 3

233 1335 338 1417 μέλιτι
360 1332 648 1410 κατεσκευασμένον
669 1352 702 1394 τε
724 1330 779 1392 καί
801 1322 1024 1408 κλεπτόμενον,
1045 1324 1121 1401 τούς
1142 1346 1341 1406 κρατουντοις
1353 1337 1388 1391 10

198 1472 203 1485 ·
233 1431 453 1517 άπειροκάλως
471 1434 651 1514 κατέθελγε,
673 1434 788 1515 μέχρις
812 1422 850 1493 ds
872 1426 933 1493 σδν
955 1430 998 1513 τῷ
1020 1428 1125 1513 κέρδει
1146 1421 1257 1491 τούτου
1280 1428 1342 1489 κατ’

233 1532 289 1620 την
312 1535 427 1599 ου’σέιιν
447 1535 553 1599 πᾶσαν
575 1536 631 1597 καί
652 1530 710 1616 τὴν
733 1534 892 1617 σωτηρίαν
913 1530 1082 1612 άπδβοιλυν.

333 1636 380 1699 Ἐν
400 1632 526 1709 τοάτοις
547 1624 605 1698 οὖν
626 1631 688 1698 τάν
709 1634 883 1715 βασιλικῶν
913 1629 1157 1716 φροντισμάτων
1179 1629 1338 1714 tuturos,

232 1738 410 1821 μᾶλλονδὲ
430 1738 493 1800 τῶν
522 1737 580 1801 τοῦ
602 1733 790 1821 Νικηφόρον
811 1736 923 1801 δεινοῖν
953 1732 1180 1814 βουλευμάτων
1200 1757 1342 1816 συναγο-

232 1843 357 1922 μένων,
388 1830 503 1922 ἤρξατο
527 1840 587 1920 μέν
609 1832 760 1920 δπσρρεῖν
787 1835 803 1899 6
826 1843 912 1909 σῖτος
939 1837 993 1899 κατ’
1014 1835 1202 1918 καταλήγειν
1221 1833 1259 1898 τὰ
1279 1837 1341 1919 τῆς
1352 1852 1389 1904 15

232 1938 383 2023 εὐθηνίας
406 1940 452 2011 εἰς
472 1933 605 2020 ἔνδειαν,
625 1930 741 2023 ηὔξανε
764 1938 800 2002 δὲ
822 1934 916 2000 dudo
929 1936 1053 2000 πολλῶν
1074 1934 1260 2020 γογγυσμδςη
1281 1934 1342 2000 κατ’

231 2038 352 2123 μᾶλλον
380 2039 444 2103 τῶν
473 2039 617 2122 αἰιριβάς-
638 2035 854 2120 ἐπισταμένων
882 2037 916 2102 τά
950 2026 1080 2116 άταπον,
1102 2040 1158 2099 καί
1181 2031 1250 2101 door
1272 2039 1341 2101 τοδν

230 2141 402 2225 γινομένων
428 2141 533 2204 κακῶν
563 2142 721 2224 ἐγγυτέρω
752 2144 954 2206 καθίσταντο.
1005 2141 1187 2221 ε’δρνλλεῖτο
1216 2140 1252 2201 δὲ
1280 2138 1342 2203 κατ’

233 2236 267 2305 τδ
290 2236 377 2323 παρά
400 2236 453 2303 τὸν
466 2233 609 2324 Ἴστρυυν
632 2243 797 2305 anrotsoriv
829 2266 865 2322 μι
868 2237 1076 2323 ξοβάρβσρον.
1127 2236 1342 2321 παράκεινται

233 2338 292 2427 γάρ
314 2342 353 2430 τῆ
381 2332 465 2431 ὄχθη
497 2339 606 2407 codron
637 2345 755 2406 πολλαι1
787 2366 841 2408 και
863 2339 1001 2426 μεγάλαι
1023 2337 1149 2424 πόλεις,
1179 2338 1212 2403 έκ
1232 2336 1389 2424 πάσηςρρ

233 2443 375 2527 γλώσσης
403 2449 597 2530 συνηγμένον
625 2438 761 2528 ἔχουσαι
783 2447 922 2564 πλῆθος,
954 2468 1006 2506 και
1038 2437 1193 2507 ὁπλιτικὸν
1216 2441 1252 2505 οὐ
1276 2465 1341 2523 μι-

233 2543 310 2630 κρὸν
328 2546 580 2632 απυτρέφυνσαι.
636 2543 717 2630 πρὸς
755 2535 805 2620 αἷς
837 2567 866 2609 οι
895 2547 1124 2631 περαιωθέντες
1154 2545 1277 2610 Σκύθαι
1298 2541 1341 2608 τά

304 2680 330 2734 υ.
349 2671 467 2748 meost

234 2806 336 2856 tentem
351 2801 521 2855 habentibus.
558 2811 637 2872 atque
654 2805 707 2857 isto
724 2804 846 2872 quidem,
875 2804 920 2872 qui
945 2804 1084 2873 sexaginta
1106 2803 1183 2856 libris
1210 2802 1340 2856 borreum

182 2928 191 2937 ,
235 2874 409 2939 conduxerat,
420 2873 543 2926 iactabat
561 2885 699 2944 quaestum
732 2877 807 2928 eius:
826 2877 917 2943 inopia
946 2884 1032 2927 autem
1061 2876 1339 2943 omnes-premebat,

234 2960 290 2998 non
309 2944 396 2998 solnm
420 2945 544 2999 frumenti
568 2948 615 3001 sed
644 2949 723 3000 etiarn
753 2955 903 2999 ceterorum
926 2962 1063 3015 generum.
1107 2948 1157 3000 illo
1185 2949 1253 3000 enim
1278 2949 1337 3000 mi..

235 3025 302 3076 nuto
318 3032 431 3070 neeesse
452 3027 492 3070 est
511 3019 590 3072 etiam
608 3020 713 3089 reliqua
731 3022 892 3084 minuantur,
912 3021 974 3088 quia
994 3034 1025 3070 eo
1047 3027 1196 3073 ceterarum
1205 3021 1338 3072 mercium

234 3091 355 3142 accessio
372 3098 418 3142 aut
435 3092 581 3158 acquisitio
600 3093 675 3144 litet
696 3095 741 3161 qui
762 3092 886 3143 mercede
905 3092 1028 3144 serviunt
1046 3094 1198 3160 graviorem
1226 3107 1337 3143 meroe.

235 3163 294 3214 dem
308 3170 418 3229 propter
436 3163 554 3230 inopiam
573 3163 691 3216 alimenti
711 3163 862 3232 postulant3
882 3171 961 3232 atque
981 3164 1143 3216 illustriores
1164 3164 1268 3230 quidem
1281 3163 1339 3214 ho.

234 3233 320 3286 mines
347 3241 373 3284 et
400 3236 445 3302 qni
471 3235 554 3286 vicini
583 3243 657 3286 erant
682 3236 795 3300 horreo,
823 3235 1022 3303 cognoscebant
1046 3236 1103 3286 eius
1127 3233 1285 3299 molestiam,
1307 3243 1341 3287 et

235 3306 306 3358 unde
324 3308 421 3359 mundo
441 3308 497 3358 dira
516 3307 608 3373 iuopia
632 3307 775 3359 iniucunde
800 3306 956 3358 obveniret:
983 3308 1108 3358 iniustum
1128 3315 1215 3358 autem
1233 3306 1342 3359 lucrum

236 3385 359 3445 tanquam
378 3385 456 3445 potus
468 3377 551 3430 melle
561 3385 701 3445 apparatus
715 3385 742 3428 et
752 3385 898 3444 surreptus,
918 3378 1082 3431 dominantes
1102 3380 1215 3445 turpiter
1229 3377 1341 3430 demul-

236 3450 341 3514 ciebat,
371 3450 456 3502 donec
482 3449 642 3522 cum'lucro
674 3448 751 3500 huius
779 3450 856 3500 etiam
886 3449 1027 3503 facultates
1053 3466 1144 3502 omnes
1174 3459 1200 3502 et
1224 3449 1342 3504 salutern

236 3523 396 3574 amitterent.

336 3610 383 3662 llis
402 3611 485 3678 igitur
502 3611 531 3661 in
549 3610 628 3663 rebus
643 3626 701 3662 cnm
720 3613 813 3680 regiae
833 3626 912 3662 curae
926 3610 1076 3676 subessent,
1095 3611 1154 3663 sive
1173 3611 1260 3678 potius
1279 3611 1342 3662 dira

236 3682 384 3748 llinepbori
404 3682 518 3733 consilia
536 3683 732 3746 conferrentur,
753 3685 843 3751 coepit
861 3683 978 3734 defluere
999 3683 1158 3735 frumentum
1186 3691 1213 3734 ct
1230 3681 1342 3736 deflecti

220 3753 355 3823 ¹felicitas
380 3753 445 3803 ad'
437 3754 571 3821 inopiam·
599 3755 745 3822 augebatur
772 3755 947 3807 multitudinis
976 3756 1123 3838 indignatio
1149 3764 1228 3823 atque
1253 3756 1342 3822 magis

238 3838 329 3879 eorum
347 3824 393 3892 qni
413 3833 537 3876 accurate
555 3824 675 3877 sciebant
699 3843 754 3878 rem
779 3829 930 3896 ingentem,
957 3835 984 3878 et
1004 3828 1156 3895 quicunque
1175 3826 1252 3878 malis
1271 3841 1342 3893 pro..

237 3896 304 3963 pius
317 3895 462 3948 adstabant.
489 3898 706 3967 frequentabatur
725 3901 804 3952 etiam
822 3899 988 3951 sermonibus
1008 3899 1123 3967 populus
1143 3898 1342 3952 semibarbarus

236 3967 270 4019 ad
288 3966 382 4019 lstrnm
401 3967 537 4021 babitans·
558 3971 680 4022 adiacent
699 3973 767 4022 enim
794 3971 867 4023 litori
887 3970 964 4023 huius
987 3969 1095 4022 multaet
1106 3986 1271 4040 magnaeque
1289 3985 1343 4020 ur.

236 4039 294 4102 bes,
317 4042 439 4092 exomni
458 4041 550 4110 lingna
569 4050 685 4094 coactam
716 4042 845 4094 habentes
873 4041 1067 4097 multitudinem
1094 4052 1121 4095 et
1139 4045 1230 4110 gravis
1249 4057 1343 4094 arma.

236 4118 314 4162 taras
334 4112 479 4164 exercitum
498 4128 552 4165 non
570 4129 680 4197 parrum
698 4114 818 4166 alentes:
839 4115 870 4166 ad
892 4129 957 4182 quas
975 4116 1135 4185 transgressi
1153 4114 1268 4181 Scythae
1287 4129 1344 4165 au.

189 4188 297 4251 ten,
321 4181 472 4251 Scytbicum
498 4186 620 4238 adferunt
649 4186 719 4238 ritae
747 4186 980 4244 consuetudinem.
1010 4204 1025 4257 a
1055 4187 1151 4257 quibus
1182 4187 1345 4255 diripientes
