2967 4825
264 190 324 325 ¹98
578 246 801 317 Mlfflffllfl
828 244 1088 336 dfflLIOTdE

274 426 329 489 διό
359 426 493 507 χειλέων
527 424 586 487 τού
606 424 777 505 Διογένους
798 416 1046 539 ὁμολογούμενον
1070 366 1243 504 ἐπυθόμην.
1286 442 1378 503 γευο-

273 529 377 606 μένων
400 527 435 588 δέ
454 519 652 607 γραμμάτων
674 521 753 605 πρός
768 502 904 597 ἐκεινους
925 523 975 605 ἐφ’
991 522 1014 608 ᾡ
1023 525 1221 640 τελεσθῆναι
1245 526 1300 587 κατ’
1320 519 1377 599 τάς

272 626 435 710 συνθήκας
458 617 532 688 δί“
515 647 623 707 ορκου,
642 626 703 688 τοόν
723 620 913 706 συμβούλων
936 622 1036 685 αύτού
1059 645 1114 701 τις,
1137 620 1172 685 τό
1194 626 1287 703 γένος
1301 626 1378 706 Ἀρ-
1433 684 1437 687 ,

271 734 388 809 μένεος,
411 725 446 799 ὃς
467 750 521 788 και
543 725 622 808 πρός
642 723 675 789 τό
702 721 794 806 ἔργον
817 722 917 787 αύτόν
936 721 1089 805 μειζόνως
1112 724 1316 808 ήρέθισεν,
1300 748 1377 788 επε-

271 828 468 909 βουλεύσατο
492 824 600 915 τούτῳ,
623 828 677 891 καί
698 825 878 906 συμπείσας
900 826 1086 891 ἀποστεῖλαι
1110 824 1185 899 τούς
1208 825 1288 911 ἀμφ’
1313 826 1377 889 αύ
1387 830 1405 883 5

270 929 325 996 τόν
348 926 488 1015 μηνυτὰς
504 930 565 991 τῶν
580 929 848 1009 βεβουλευμένων,
872 924 951 1010 πρός
964 922 1142 1008 σύμπνοιαν
1165 919 1294 1004 άξοντας
1315 930 1377 991 τεόν

270 1054 306 1096 τε
328 1030 589 1117 στρατηγούντων
620 1026 675 1093 καί
704 1032 768 1092 τῶν
796 1024 940 1111 ύπηκόων
960 1025 1071 1107 τινάς,
1102 1026 1146 1101 τός
1170 1021 1252 1091 εἶδον
1276 1024 1376 1093 αύτόν

270 1135 467 1215 ἐψιλωμένον
488 1132 609 1214 χειρός,
630 1139 777 1195 κατεῖπεν
800 1129 900 1193 αύτού
921 1130 955 1193 έν
978 1138 1044 1205 τοῖς
1070 1128 1238 1213 ἐγχωρίοις
1258 1123 1301 1205 οός
1325 1126 1374 1214 εἴη

268 1232 487 1318 μεμελετηκώς
502 1234 709 1313 α’ποοταοίαν,
731 1233 903 1313 μᾶλλονδὲ
919 1233 1093 1315 προδοσίαν
1108 1230 1214 1295 αύτιόν
1231 1230 1276 1305 εἷς
1299 1231 1376 1306 τούς

271 1319 495 1420 Σαυρομάτας.
539 1338 595 1399 καί
614 1332 694 1417 πρός
716 1330 824 1414 θυμόν
851 1330 1173 1417 διερεθύταςαύτούς
1195 1332 1374 1396 ἐπιτίθεται
1388 1338 1425 1391 10

271 1439 372 1525 τούττρ
393 1436 535 1521 α’θρόον,
557 1438 614 1500 καί
633 1435 728 1515 μόνον
761 1431 903 1519 εύρηκιός
925 1433 1141 1516 συλλαμβάνει
1169 1432 1224 1497 καὶ
1251 1434 1296 1508 είς
1319 1433 1375 1517 τήν

270 1535 503 1620 βασιλεύουσαν
525 1530 595 1621 άγει
618 1536 795 1619 δεσμώτην,
817 1538 907 1611 δίκας
919 1538 978 1600 τού
999 1535 1196 1619 τολμήματος
1217 1536 1374 1615 δώσοντα.

206 1692 210 1699 .
271 1638 391 1722 κριθείς
404 1640 511 1704 τοίνυν
531 1635 619 1723 παρὰ
634 1641 696 1702 τῶν
710 1636 841 1721 τεράτων
857 1639 912 1719 τῆς
927 1637 1099 1721 συγκλήτου
1112 1638 1231 1719 βουλῆς
1249 1639 1294 1725 τῷ
1310 1624 1375 1701 τοῖν

247 1736 447 1828 ἐ’πιβούλων
469 1739 554 1829 νύμηι
566 1732 656 1803 ’ἑάλω
677 1739 730 1804 καί
748 1738 973 1824 κατεψηφίσθη
997 1742 1114 1823 θανεῖν,
1134 1734 1182 1822 -μή
1206 1736 1375 1821 ύντερίαας

187 1922 193 1927 .
269 1835 292 1925 ή
319 1843 499 1917 α’ντιθέσεις
529 1840 730 1922 πλασάμενος
759 1835 780 1923 ή
801 1836 858 1923 τήν
881 1842 1069 1923 κατηγορίαν
1100 1836 1374 1922 α’παρνηοάμενος,
1389 1850 1425 1902 15

270 1935 339 2005 ἄλλ’
356 1941 559 2024 αύτέλεγκτος
575 1945 610 2007 ἐκ
631 1944 687 2026 τῆς
707 1940 876 2025 ὁμολογίας
894 1941 1067 2023 γενόμενος.
1092 1942 1122 2004 εἰ
1143 1942 1178 2003 δέ
1195 1942 1251 2031 καί
1272 1936 1373 2015 αύτός

269 2046 335 2107 τῶν
367 2039 565 2107 δικασάντων
592 2047 690 2125 μέρος
712 2042 880 2125 ύπήρχον,
902 2038 1009 2105 ἴσασιν
1031 2037 1061 2105 οἱ
1083 2045 1203 2105 πολλοί.
1246 2037 1294 2104 διό
1318 2039 1377 2105 καί

269 2142 425 2231 ύπερορίςε
444 2141 608 2228 ἀπεστάλη
631 2139 710 2225 πρός
737 2146 852 2227 νήσου,
873 2144 968 2207 πᾶσιν
989 2137 1082 2207 άνίαν
1107 2145 1272 2227 ἐνθέμενος
1297 2133 1375 2205 'dont

217 2292 219 2300 ι
267 2249 323 2329 τῆς
339 2245 441 2308 αύτού
458 2241 598 2327 νεότητος
612 2237 633 2327 ἢ
648 2248 702 2308 καί
715 2242 933 2329 γενναιότητος
956 2246 988 2308 έν
1009 2246 1102 2331 πείρᾳ
1119 2246 1319 2309 καθίσταντο.
1344 2239 1375 2305 οἱ

268 2348 299 2409 δ’
321 2344 508 2428 α’γνοούντες
530 2342 629 2409 αύτόν
650 2348 690 2420 έκ1
706 2347 767 2409 τοῖν
788 2342 919 2409 εἰδότων
940 2342 1240 2430 παραλαμβάνοντες
1262 2344 1373 2430 ύπήρ-
1384 2356 1425 2410 20

266 2471 326 2532 χον
348 2451 381 2526 ἐξ
397 2447 492 2532 ύκοής
513 2451 664 2529 ἐρασταί·
689 2449 743 2511 κατ’
765 2445 818 2510 διά
843 2449 935 2513 τούτο
951 2449 992 2510 δι’
1015 2450 1111 2531 εύχής
1134 2441 1173 2530 ἦν
1197 2457 1260 2522 τοῖς
1281 2444 1372 2523 όλοις

268 2548 425 2633 ἀνώτερον
445 2549 596 2632 γενέσθαι
615 2547 668 2612 τόν
690 2540 792 2632 ἄνδρα
806 2552 1024 2632 κολαστηρίων
1036 2547 1091 2612 καί
1108 2553 1305 2632 χαρισθῆναι
1331 2550 1374 2634 τῇ

274 2745 284 2758 ’
338 2739 365 2790 6.
386 2736 500 2799 ἄξοντες
518 2734 548 2788 G.
625 2735 666 2786 13.
687 2737 829 2805 κριθεὶς]
821 2737 870 2788 καὶ
886 2737 947 2792 θεὶς
967 2734 996 2788 G.

267 2893 367 2962 phoras
386 2891 513 2960 magister
530 2891 707 2942 Botaniates.
733 2888 785 2940 hoc
805 2891 874 2941 enim
891 2892 956 2957 ipsis
976 2890 1060 2945 labris
1082 2894 1159 2961 (ipso
1179 2895 1240 2961 ore)
1259 2891 1368 2960 Dioge.

266 2966 309 3018 nis
327 2964 506 3016 confirmatum
525 2963 652 3029 comperi.
690 2961 777 3014 missis
797 2970 883 3014 autem
904 2964 1010 3030 scriptis
1037 2965 1071 3016 ad
1093 2963 1173 3028 illos,
1197 2971 1227 3014 ut
1252 2978 1367 3030 compo.

265 3044 395 3088 narentur
416 3036 496 3087 etiam
515 3035 653 3118 pactiones
672 3033 852 3098 iureiurando,
866 3034 1079 3088 consiliariorum
1105 3037 1163 3086 eius
1185 3035 1297 3102 quidam,
1311 3052 1367 3104 ge-

265 3124 332 3161 nere
361 3107 520 3171 Armenius,
548 3108 593 3175 qui
619 3108 697 3159 etiam
722 3105 755 3158 ad
775 3105 872 3157 sactum
893 3124 952 3160 eum
971 3108 1056 3175 magis
1076 3107 1233 3169 ornaverat,
1253 3108 1366 3160 insidias

265 3181 330 3233 huic
346 3180 444 3233 struxit
462 3186 489 3230 et
507 3178 669 3246 persuadens
688 3178 732 3241 ei,
752 3185 781 3228 ut
799 3178 916 3230 mitteret
936 3193 999 3232 snos
1017 3179 1120 3231 indices
1140 3177 1312 3230 consiliorum
1333 3179 1367 3231 ad

264 3252 606 3307 societatemtraducturos
625 3251 751 3319 quosdam
765 3249 860 3301 ducum
880 3259 906 3303 et
924 3251 1115 3332 subiectorum,¹
1139 3258 1277 3317 postquam
1295 3251 1366 3302 vidit

264 3341 324 3377 eum
342 3323 465 3377 nudatum
484 3339 571 3408 manu,
590 3323 727 3375 accusavit
747 3337 805 3372 eum
824 3323 894 3387 apud
910 3321 1024 3387 incolas,
1042 3323 1116 3389 quasi
1134 3323 1273 3374 meditatus
1292 3330 1366 3374 esset

263 3397 453 3458 defectionem,
475 3397 536 3447 sive
556 3395 644 3460 potius
663 3393 842 3464 proditionem
862 3408 953 3445 eorum
973 3395 1006 3446 ad
1025 3393 1201 3456 Sauromatas,
1222 3400 1250 3444 et
1274 3395 1363 3445 animo

177 3460 185 3480 ¹
262 3469 378 3521 incitans
398 3482 444 3518 eos
462 3467 603 3518 insidiatur
622 3466 684 3516 huie
703 3463 781 3516 simul
803 3473 829 3515 et
847 3465 962 3518 solum'
955 3466 1095 3518 inveniens
1116 3464 1317 3550 comprehendit
1338 3473 1365 3517 et

263 3540 297 3590 ad
314 3541 417 3607 regiam
435 3537 507 3588 ducit
526 3539 677 3602 captivum,
696 3551 797 3602 poenas
816 3537 917 3602 incepti
940 3538 1067 3588 daturum.
1094 3537 1225 3590 iudicatus
1244 3537 1328 3604 igitur
1348 3553 1389 3588 a-

262 3610 428 3678 prineipibus
459 3609 601 3659 convocati
625 3615 732 3659 senatus
760 3606 822 3673 lege
847 3609 1029 3660 insidiatorum
1057 3607 1239 3677 deprehensus
1266 3615 1306 3659 eat
1337 3615 1365 3660 et
1402 3608 1408 3612 ’

254 3683 399 3732 'damnatus
415 3680 517 3742 mortis,
537 3693 591 3729 non
612 3679 796 3730 contradicens
817 3688 861 3729 aut
880 3681 1063 3746 oppositiones
1083 3681 1186 3748 fingens
1206 3688 1251 3730 aut
1277 3695 1363 3730 accu-

262 3753 395 3805 sationem
414 3765 525 3817 negano,
544 3750 592 3803 sed
611 3752 751 3808 convictus
771 3751 828 3817 ipse
848 3754 1034 3804 concessione.
1071 3768 1133 3802 num
1151 3760 1239 3802 autem
1259 3752 1363 3818 etipse
1439 3800 1446 3815 ρ

262 3823 380 3875 iudicum
397 3839 458 3890 pars
476 3822 592 3885 fuerim,
622 3823 709 3873 sciunt
728 3821 866 3889 plerique,
881 3823 1050 3890 quamobrem
1071 3824 1149 3874 etiam
1169 3822 1251 3875 exilio
1264 3824 1363 3875 missus

264 3896 354 3949 estad
373 3894 496 3958 insulam,
517 3894 637 3945 omnibus
656 3895 850 3960 aegritudinem
876 3888 1024 3960 imponens,
1048 3895 1203 3962 quicunque
1233 3895 1290 3946 eius
1316 3895 1362 3945 iu.

261 3975 400 4020 ventutem
424 3975 469 4018 aut
496 3967 574 4017 etiam
599 3965 766 4017 nobilitatem
793 3967 896 4032 experti
921 3975 1009 4029 erant3
1030 3967 1075 4033 qui
1100 3974 1187 4018 autem
1205 3965 1365 4033 ignorarent

263 4054 332 4103 enm,
351 4055 367 4090 a
385 4038 531 4091 scientibus
551 4039 688 4090 audientes
707 4037 806 4088 fiebant
824 4037 954 4089 audiendo
981 4039 1038 4090 eius
1066 4046 1213 4101 amatores,
1243 4045 1270 4088 et
1293 4053 1362 4104 pro.

262 4119 354 4178 pterea
374 4110 494 4163 omnibus
520 4119 584 4163 voto
612 4117 686 4173 erat,
706 4109 871 4175 superiorem
897 4109 955 4160 deri
974 4110 1069 4170 ,virum
1092 4109 1186 4176 poenis
1211 4116 1239 4160 et
1267 4109 1364 4162 donari

258 4183 424 4243 Graecorum
448 4183 570 4252 imperio.
609 4197 668 4236 curn
692 4189 782 4236 autern
801 4181 880 4232 etiam
900 4181 1040 4236 consilium
1059 4183 1112 4236 uiri
1129 4195 1183 4236 non
1201 4183 1301 4236 amoris
1321 4181 1364 4238 sni
