2967 4825
585 250 795 321 ntsromm
924 256 950 313 .‘
1195 242 1250 321 νο

144 406 308 485 θανόντος
322 412 379 476 sor*
399 416 523 478 πολλάν
545 414 818 500 άνερευνηθδττων
851 406 957 493 ου’δεδς
978 405 1064 494 άξιος
1085 414 1167 499 πλὴν
1186 414 1246 479 οδε

143 510 202 573 τοῦ
224 509 306 595 πρὸς
326 512 381 578 τὸν
402 518 546 583 τοιοῦτον
565 514 713 601 ἐλογάιθη
737 515 874 601 δαθμόν.
918 515 973 581 καί
995 514 1247 597 άπαναινάμενος

144 607 289 697 ἐδιώχθη
309 615 389 696 πρὸς
410 617 465 701 τῆς
484 620 588 702 τιμῆς,
610 614 666 681 κατ’
683 615 833 705 λαμπτὴρ
848 621 903 701 τῆς
923 618 1061 703 μεγάλης
1080 616 1245 701 ἐκκλησίας

89 800 104 811 ⁶
145 714 202 775 κατ’
222 710 424 801 πατριάρχης
446 713 661 798 οἰκουμενικάς
682 716 894 803 δχρημάτισα

115 814 134 867 5
244 812 339 880 Maro
371 818 408 882 δδ
427 814 461 883 τά
491 818 548 883 τὸν
576 823 712 899 βασιλέα
730 816 882 887 τεθνάναι
912 821 1008 886 πάλιν
1029 817 1059 885 οἷ
1079 816 1137 904 τὴν
1160 812 1245 887 ἓάαν

142 914 387 997 κατατρέχοντες
399 910 515 983 Ου’ννοι
535 921 609 1005 περὶ
617 922 872 1002 Μεσοποταμίαν
888 918 1050 1003 γενόμενοι
1065 917 1243 1007 ἐφήδρευον

140 1023 208 1090 τοῖς
229 1015 304 1099 περὶ
325 1018 511 1105 Μελιτηνὴν
541 1022 878 1104 ἐστρατοπεδευμένους
904 1021 1093 1105 Ῥωμαϊκοϊς
1116 1023 1243 1105 τάγμα-

140 1138 202 1196 σιν,
224 1116 313 1204 οἷπερ
336 1121 394 1183 τοῦ
428 1122 641 1204 ὀψωνιασμοά
670 1120 903 1209 ὑστερήσαντος
931 1124 1045 1199 δνδιάς
1080 1115 1167 1206 εἶχον
1188 1120 1244 1188 κατ’

140 1218 298 1294 ταπεινοῖς
318 1223 374 1285 κατ’
394 1219 528 1306 α’ργλλως
545 1222 600 1287 διά
620 1220 677 1308 τὴν
697 1220 831 1306 ἔνδειαν,
852 1227 908 1292 καὶ
928 1224 1004 1291 ου’δδ
1024 1232 1091 1301 τοῖς
1111 1226 1146 1291 ἐν
1166 1226 1243 1291 Me·

94 1322 320 1409 1οσοποταμδᾳ
341 1324 735 1408 στρατιάταιςῬωμαιόις
754 1321 893 1411 ἴσχυσαν
905 1331 1080 1411 συνελθεῖν,
1099 1324 1146 1411 μὴ
1163 1331 1243 1411 βου-

140 1420 289 1506 ληθέντες
313 1420 369 1487 τόν
390 1424 566 1512 Εὐφράτην
585 1426 789 1511 διαπερᾶσαι.
847 1429 1069 1514 ἐπερχομδνων
1096 1420 1154 1494 οδν
1179 1428 1270 1495 roal.
1285 1432 1374 1492 185τ.

138 1522 316 1608 βαρβάρων
337 1526 391 1591 διά
413 1528 471 1590 τοῦ
500 1529 647 1608 ποταμοῦ
682 1528 874 1614 ἀντέστησαν
904 1519 991 1595 οὗτοι
1013 1531 1242 1617 διασπαρέντες

138 1626 217 1707 περὶ
235 1625 294 1702 τάς
323 1626 486 1705 διεξόδους
509 1621 621 1695 edred.
671 1631 725 1694 acl
755 1628 785 1695 οἱ
806 1628 966 1718 βάρβαροι
988 1626 1147 1717 ἑκηβόλων
1167 1656 1243 1716 ταγ-

136 1724 289 1807 χάνοντες
308 1726 459 1814 ου’μαριός
480 1720 734 1806 ου’τοδςάποθεν
752 1730 1008 1818 κατετίτρωσκον,
1022 1724 1160 1809 άπαθεῖς
1179 1732 1243 1799 αδ·
1267 1744 1272 1757 “

92 1826 190 1894 15τοδ
211 1826 421 1912 διαμένοντες,
440 1832 501 1908 ἓως
521 1830 704 1917 ἠνάγκασαν
722 1838 853 1909 τούτους
878 1833 924 1908 εἰς
945 1830 1000 1899 τάν
1020 1832 1161 1915 ποταμὸν
1181 1835 1242 1915 ἒμ-

139 1931 255 2011 βαλεῖν
275 1933 333 1996 καί
352 1929 411 2017 τὴν
431 1929 542 2020 μάχην
560 1933 798 2020 συστήσασθαι.
842 1938 898 2001 κατ’
916 1935 1011 2001 πάλιν
1031 1920 1061 1999 οἱ
1085 1941 1151 2012 τοῖς
1171 1939 1243 2019 χεδ-

140 2034 229 2096 λεσιν
251 2033 461 2120 ἐφιστάμενοι
492 2033 567 2111 τοάς
594 2035 774 2118 Ῥωμαίους
809 2038 1030 2117 ἐπετοξάζοντο
1059 2038 1115 2101 κατ’
1141 2038 1244 2115 νανάς

139 2126 223 2218 άγαν
245 2135 409 2202 scarabeos
429 2136 485 2203 ταδ
505 2140 590 2203 νάτα
614 2138 726 2204 δοῦναι
751 2136 996 2225 παρεβιάσαντο.
1046 2142 1103 2205 καί
1125 2144 1244 2225 τροπῆς

137 2239 309 2322 γενομένης
338 2234 452 2305 ἔπεσον
481 2243 595 2325 συχνοὶ
615 2243 679 2304 ταῖν
703 2239 887 2324 ‘Rauracorum
916 2242 1017 2328 ἓτεροι
1051 2244 1088 2308 δὲ
1111 2242 1244 2331 ζωγρεδρι

90 2348 129 2407 λθ
139 2336 341 2427 ἐλήφθησαν,
364 2338 394 2407 ολ
416 2344 452 2409 δὲ
475 2348 708 2431 περισωθέντες
728 2346 772 2432 τῷ
794 2332 881 2411 άστει
901 2345 957 2430 τῆς
974 2344 1156 2430 Μελιτηνῆς
1172 2344 1243 2409 δυε-

140 2439 306 2528 σάθησαν.
350 2447 646 2535 περιφρονήσαντες
673 2448 710 2512 δὲ
730 2444 856 2511 τούτων·
881 2444 910 2510 οἱ
937 2439 1162 2532 βάρβαροιάς
1183 2435 1244 2532 ἤδη

139 2550 431 2634 καταστραφέντων
450 2551 507 2616 καί
533 2551 914 2637 κατοιοτρατηγηθάντων,
937 2545 1116 2636 δλοσχεριδς
1137 2543 1245 2633 ἐντρέ-

214 2734 500 2877 ἓὲῐξνιρευνηθεντων
521 2736 552 2792 0.
650 2736 694 2791 lt.
713 2740 764 2792 ναι
781 2743 844 2790 ante
861 2755 956 2800 ναιως
973 2750 1017 2790 om
1038 2751 1064 2805 o,
1081 2735 1181 2792 addidit
1198 2735 1244 2788 in.

275 2824 329 2863 res.

137 2955 299 3026 splendebat
325 2965 437 3027 propter
463 2957 588 3012 virtutem
613 2967 640 3012 et
662 2959 707 3012 dei
724 2958 856 3011 timorem.
895 2967 975 3027 atque
994 2964 1138 3026 propterea
1156 2956 1243 3024 patri.

138 3029 224 3082 archa
241 3038 346 3082 mortuo
366 3039 394 3082 et
411 3030 501 3084 multis
522 3031 668 3099 exploratis
683 3046 762 3083 nemo
781 3031 878 3099 dignus
896 3037 1003 3097 praeter
1021 3045 1081 3082 eum
1100 3027 1241 3082 bocbabi..

135 3109 183 3154 tus
211 3109 253 3154 eat
275 3103 378 3171 gradu:
405 3109 432 3154 ct
457 3119 585 3157 recusans
609 3104 709 3170 petitus
737 3110 779 3156 est
802 3102 835 3155 ab
854 3101 957 3154 bonore
977 3109 1004 3154 et
1022 3101 1112 3170 lumen
1130 3115 1243 3170 magnae

138 3172 279 3226 ecclesiae
301 3182 327 3226 et
346 3174 497 3241 patriarcba
516 3176 705 3228 oecumenicus
724 3174 810 3227 lactus
831 3181 879 3226 est.

233 3243 322 3331 'Rege
339 3272 445 3316 mortuo
466 3264 656 3317 rursusllunni
676 3267 807 3318 orientem
826 3269 1013 3328 percursantes
1033 3261 1242 3326 circellesopo.

136 3334 248 3386 tamiam
267 3333 522 3388 instabantGraecis
542 3335 685 3406 ordinibus
698 3337 742 3405 qui
753 3336 824 3387 circa
835 3332 980 3386 Melitenen
1000 3340 1086 3386 castra
1096 3331 1237 3384 tenebant:

37 3425 41 3432 ·
139 3406 188 3474 qui
207 3406 314 3474 quidem
334 3415 482 3460 commeatu
501 3407 643 3459 deficiente
662 3415 774 3476 egentes
795 3413 871 3458 erant
889 3414 917 3457 et
934 3413 1029 3457 tenues
1040 3412 1067 3455 et
1076 3404 1137 3455 irati
1155 3415 1258 3470 prop.-

137 3486 182 3531 ter
201 3479 337 3544 inopiam,
359 3476 453 3547 ‘neque
472 3495 531 3531 cum
549 3479 678 3531 militibus
697 3482 725 3530 in
745 3478 936 3545 Mesopotamia
955 3475 1106 3528 constitutis
1119 3473 1241 3532 ,Graecis

139 3550 271 3618 congredi
292 3559 455 3619 potuerunt,
483 3566 542 3601 cum
560 3549 666 3602 nollent
684 3549 845 3618 Euphratem
875 3549 999 3601 transire.
1036 3545 1241 3599 advenientibus

138 3622 225 3691 igitur
250 3620 370 3674 barbaris
396 3638 445 3690 per
463 3621 573 3674 fluvium
592 3637 623 3674 se
642 3627 825 3690 opposuerunt
843 3621 871 3672 bi
889 3620 1003 3687 dispersi
1022 3620 1050 3671 in
1069 3617 1145 3685 yadis
1172 3619 1240 3668 eius.

140 3702 223 3762 atque
250 3693 356 3746 barbari
381 3695 486 3763 quidem
514 3696 559 3763 qui
580 3694 682 3746 eminus
700 3692 813 3745 iaculari
832 3700 957 3760 poterant
974 3690 1054 3743 facile
1073 3705 1119 3742 eos
1140 3690 1241 3740 eminas

139 3765 329 3831 vulnerabant,
343 3766 512 3834 impatientes
527 3767 580 3833 ipsi
593 3773 739 3829 manentes,
760 3764 846 3815 donec
865 3771 995 3832 cogerent
1007 3761 1065 3826 bos,
1085 3769 1114 3812 ut
1131 3757 1240 3812 durium

139 3838 346 3907 ingrederentur
357 3847 383 3890 et
394 3853 508 3907 pugnam
523 3845 706 3890 consererent.
728 3843 755 3886 et
768 3850 858 3888 rursus
870 3835 914 3903 qui
925 3835 991 3901 ripis
1001 3833 1143 3904 insttibaut,
1155 3832 1245 3906 Grae.)

141 3924 188 3963 cos
206 3909 335 3978 petebant
353 3910 449 3962 iaculis
469 3917 496 3960 et
514 3909 593 3962 valde
611 3908 681 3960 male
696 3905 844 3960 tractabant
865 3914 891 3956 et
909 3912 985 3973 terga
999 3912 1137 3974 verterent
1154 3917 1240 3971 coge.

138 3980 212 4033 hant.
241 3991 268 4034 et
287 3982 351 4050 luga
370 3981 441 4033 facta
461 3982 616 4033 ceciderunt
634 3979 710 4031 multi
729 3979 900 4040 Graecorum,
920 3975 966 4028 alii
984 3983 1071 4028 autem
1089 3976 1147 4028 vivi
1168 3976 1240 4042 capti

105 4045 111 4063 '
138 4062 210 4120 suut,
226 4055 326 4106 servati
340 4062 428 4106 autem
437 4052 582 4106 blelitenen
595 4052 687 4103 urbem
702 4050 860 4118 effugerunt.
875 4055 1075 4100 contemnentes
1090 4056 1178 4099 autem
1190 4047 1240 4098 bos

137 4124 246 4178 barbari
259 4134 289 4178 ut
306 4127 358 4178 iam
372 4141 466 4179 versos
492 4132 519 4177 ct
537 4125 657 4178 artificiis
679 4120 748 4174 belli
770 4121 907 4184 devictos,
927 4134 1035 4186 prorsus
1054 4119 1240 4172 excursionem

139 4196 248 4264 faciunt
260 4213 346 4267 usquc
362 4197 396 4264 ad
408 4197 577 4263 Caesaream,
597 4195 745 4264 spoliantes
759 4193 848 4246 omnia
864 4199 891 4244 et
908 4191 1086 4258 destruentes,
1106 4199 1133 4242 ot
1148 4191 1240 4258 ignora
