2967 4825
1153 247 1228 341 24⁷

125 431 164 499 τά
186 434 430 522 virtuositatis
458 432 654 519 παράσημα,
684 433 717 499 οἳ
735 458 770 501 τε
798 439 890 501 ἵπποι
917 433 1000 519 μετά
1022 440 1086 503 τῶν
1105 433 1229 525 δίφρων

125 537 184 601 καί
199 532 238 599 τά
260 532 384 618 ἐρυθρά
409 532 465 599 καί
482 536 630 615 βασιλεια
661 540 784 603 πέδιλα.
839 540 892 605 καῖ
913 535 1231 627 κατυσφιιλισάμενος

125 635 246 711 πάντας
267 629 373 721 δριὲοις
394 638 448 699 καί
469 637 645 720 συνθήκαις
668 648 821 722 συχναῖς,
842 639 885 723 μῆ
911 634 951 705 άν
974 642 1133 725 οἶθετῆσαι
1155 641 1231 705 τοδ-

125 761 180 802 τον
207 730 285 823 άχρι
319 734 374 800 καί
394 741 578 812 τελευταίας
607 742 720 826 πνοῆς,
753 734 837 805 οότω
868 739 926 825 τῆν
958 737 1137 824 άλουργίθα
1164 743 1233 820 μετ’

94 838 289 929 Ι5εδφημίοις
321 840 378 901 καί
398 838 594 924 δορυφορίας
621 837 793 926 α’πειλῆφει
816 846 942 926 πολλῆς,
962 840 1018 907 καί
1036 838 1109 917 τοός
1132 836 1232 916 πόδας
1321 850 1322 855 ’

62 953 70 969 “
125 948 191 1016 τοῖς
215 941 366 1025 ἐρυθροῖς
386 942 590 1022 μεταμείψας
612 944 752 1017 πεδιλοις
772 941 828 1008 καί
843 944 888 1019 εἰς
907 946 1092 1029 ου’τοβυφὲς
1112 943 1261 1015 auaro-s

125 1039 187 1125 βάς
215 1032 322 1125 όχημα
350 1041 432 1122 μετά
458 1043 575 1125 πολλῆς
603 1045 784 1127 άχεροιχίας,
807 1048 862 1109 καί
882 1046 1157 1131 ’φρονηματισμοό
1179 1045 1234 1110 καί

126 1146 184 1226 τῆς
207 1145 264 1209 τοῦ
293 1136 430 1228 στρωτοῦ
459 1145 536 1229 βοῆς
568 1147 622 1208 καί
641 1144 722 1228 η’χῆς
754 1147 800 1221 εἰς
830 1138 1093 1230 Ἀδριαυοόπολιν
1120 1137 1232 1234 ᾤχετο,
1305 1182 1307 1187 ·

127 1237 201 1327 άρτι
222 1247 280 1310 τοδ
314 1246 486 1329 νοεμβριόνυ
513 1244 613 1330 μηνός
648 1247 851 1335 ἐπιστάντος,
884 1242 935 1313 ὅτε
959 1244 1104 1333 κατηφῆς
1129 1242 1144 1311 ὅ
1169 1243 1231 1330 α’,ῆρ

88 1348 163 1411 los's
184 1346 239 1429 τῆς
260 1348 317 1411 τοῦ
337 1334 480 1429 μεγάλου
503 1353 672 1433 φωστῆρος
695 1348 939 1435 άποχωρῆρεωςρ
962 1348 1041 1435 πρός
1063 1348 1096 1413 τό
1118 1371 1235 1430 ταυρη-

127 1446 183 1512 κόν
207 1444 321 1526 ζάδιον
336 1440 494 1529 άπιόντος,
516 1448 572 1514 καί
592 1447 724 1533 στυγνός
747 1459 988 1537 καταφαίνεται.
1032 1435 1235 1534 αἰχμάλωτνς

127 1549 165 1611 δὲ
186 1548 356 1632 τηνικαῦτα
378 1547 514 1635 ληφθείς
538 1545 554 1611 ό
583 1550 737 1635 πρόεδρος
759 1554 997 1628 Κωνστυντῖνος
1027 1549 1043 1617 ό
1066 1551 1247 1645 Θεοδωροχ

128 1645 233 1730 κάνος,
255 1646 337 1731 οἷνῆρ
369 1649 491 1728 ἔνδοξος
524 1651 580 1717 καί
608 1654 718 1737 γένους
750 1656 959 1739 ε’πισημότητι
978 1657 1034 1718 καί
1055 1654 1127 1736 βιόυ
1153 1658 1235 1732 λαμ·

101 1748 264 1844 ἱπρότητι,
279 1752 464 1837 καταφανῆς
483 1751 802 1844 καταγινωσκόμενος,
826 1751 863 1819 ori
886 1758 988 1833 καλιάς
1007 1759 1067 1837 μὲν
1088 1753 1162 1849 osius
1185 1754 1238 1817 δι-

90 1854 226 1929 15καίως
244 1857 321 1937 παρ’
345 1854 446 1918 ου’τοά
466 1854 668 1941 προσεδὲχθη
691 1857 746 1923 καί
767 1856 810 1932 ute
832 1852 877 1932 εἷς
899 1859 960 1925 τάν
982 1859 1100 1939 α’χενοόν
1122 1878 1236 1937 πανω-

129 1952 236 2039 ράθης
249 1952 287 2015 οὗ
308 1951 373 2037 μῆν
396 1956 430 2021 δὲ
446 1954 628 2041 σωματικῆν
646 1962 806 2042 τιμωριάν
826 1958 959 2043 ὑπέστη,
983 1959 1137 2040 καίτοιγε
1157 1952 1237 2023 κατ’.

114 2115 125 2153 η
130 2079 183 2138 την
205 2051 392 2123 ὑποπτεύων
412 2054 464 2144 διά
487 2062 749 2144 προηγησαμὲνας
770 2057 893 2144 ἔχθρας
916 2063 972 2125 καί
997 2058 1107 2143 μάχας
1130 2081 1236 2144 aspa-.-

131 2151 230 2230 λικάς.
269 2158 495 2241 ,φυγαδευθεὶς
527 2162 562 2225 δὲ
584 2160 665 2244 πρός
685 2185 755 2225 τινα
782 2163 843 2225 τῶν
864 2162 1097 2229 ,Μακεδονικῶν
1116 2158 1264 2230 assason
1280 2173 1366 2231 221r·

130 2258 199 2336 μετ’
224 2258 264 2321 ου’
287 2257 366 2322 ’πολὺ
386 2262 431 2347 τῷ
450 2259 557 2344 χρειόν
578 2258 836 2347 ἐλειτοόρχησεν·
880 2260 941 2327 εἴτε
962 2262 1088 2350 φυσικῷ
1106 2256 1234 2349 θανάτῳ

91 2355 187 2424 mett’
207 2357 241 2438 ἐξ
263 2363 432 2446 ἐπιβουλῆς
454 2365 675 2448 κερασθέντες,
700 2366 805 2440 ου’δείς
818 2356 966 2450 α’κριβιός
990 2366 1167 2430 ἐπίσταται.

227 2460 275 2527 Ἐν
299 2462 335 2525 δὲ
358 2465 402 2554 τῷ
421 2469 551 2545 μέλλειν
574 2465 738 2530 εἰσελάσαι
759 2465 814 2533 τόν
837 2469 1012 2552 Βρνέννιον
1034 2467 1079 2540 εἰς
1099 2463 1237 2549 Ἀδρια-

133 2559 281 2631 νοόπολιν
303 2565 390 2630 πάσα
410 2564 527 2649 σχεδόν
548 2565 568 2650 ῆ
590 2566 681 2642 πόλις
710 2565 768 2651 τῆν
794 2569 1035 2653 προεκκειμένην
1057 2569 1239 2650 περίχωρον

135 2662 360 2752 κατελάμβανε,
381 2665 437 2732 καί
454 2661 493 2752 ἧν
513 2665 549 2731 τό
564 2671 686 2754 πλῆθος
708 2654 858 2755 α’χεληδόν
880 2670 1111 2752 διακεχυμένον
1131 2669 1176 2743 εἰς
1198 2663 1234 2736 τό

49 3007 52 3011 ,
138 2947 214 3000 etiam
232 2948 310 3017 regni
332 2948 465 3018 insignia,
491 2951 553 3018 equi
581 2950 641 3002 ¹curn
667 2967 747 3004 curru
768 2959 794 3004 ot
811 2949 890 3003 rubra
908 2951 1037 3019 regiaque
1062 2949 1190 3004 sandala:
1214 2957 1241 3002 et

136 3028 275 3088 postquam
294 3021 461 3075 confirmarit
476 3038 567 3075 omues
586 3024 759 3088 iureiurando
774 3032 800 3074 et
820 3021 987 3090 pactionibus
1001 3021 1102 3088 multis,
1121 3037 1156 3074 ne
1174 3036 1241 3090 pso.

38 3124 42 3128 v
136 3094 229 3146 dorent
242 3108 302 3144 eum
314 3107 400 3162 usquo
415 3093 448 3145 ad
462 3094 582 3146 ultimum
598 3095 728 3162 spiritum,
749 3097 788 3148 sic
805 3108 947 3162 purpuram
967 3108 1025 3145 cum
1037 3093 1200 3146 salutatione
1215 3101 1242 3146 ot

137 3167 262 3217 comitatu
283 3167 388 3233 accepit
405 3166 499 3231 multo,
519 3154 546 3218 οἶ
561 3167 644 3234 podes
658 3163 746 3220 rubris
764 3167 929 3234 distinguens
948 3164 1065 3218 sandalis
1085 3173 1112 3216 et
1129 3165 1241 3219 tinctum
1315 3179 1317 3190 ⁴

136 3239 283 3290 ascendens
296 3253 401 3289 currum
415 3254 473 3288 cum
486 3239 569 3291 multa
579 3238 706 3306 superbia
721 3248 748 3290 ct
760 3239 913 3306 arrogantia
927 3245 953 3289 et
964 3238 1103 3290 *exercitus
1122 3236 1240 3290 clamoso

138 3319 164 3360 ct
192 3309 388 3361 exclamatione
404 3310 598 3378 Adriauopoliu
618 3311 762 3378 profectus
788 3319 843 3375 cst,
873 3325 931 3362 cum
958 3306 1071 3362 maxime
1089 3309 1241 3362 November

137 3374 240 3434 mensis*
259 3381 385 3450 instaret,
412 3384 516 3450 quaudo
540 3399 635 3437 caccus
661 3399 707 3436 aar
732 3391 843 3452 propter
866 3397 1002 3434 recessum
1026 3382 1114 3450 magui
1133 3381 1241 3433 luminis

137 3455 169 3505 ad
187 3455 257 3506 tauri
287 3454 392 3520 siguum
419 3455 541 3508 abeuntis
570 3465 596 3509 et
621 3457 750 3509 obscurus
781 3462 900 3524 apparet.
939 3454 1061 3520 captiuus
1080 3461 1167 3504 autom
1186 3461 1242 3503 tum

138 3526 224 3578 iactus
240 3541 351 3594 praeses
362 3525 550 3591 Constantinus
562 3528 793 3594 Theodorocanus‚
814 3529 857 3580 vir
871 3528 958 3578 clarus
973 3534 1000 3576 et
1018 3526 1127 3592 generis
1147 3523 1242 3590 splen.

138 3598 203 3649 dore
223 3607 250 3650 ct
268 3598 341 3652 vitae
361 3598 483 3650 claritate
501 3599 615 3652 illustris
634 3609 780 3668 spectatus,
799 3615 853 3652 non
865 3597 979 3667 pulchro
999 3597 1103 3666 quidem
1124 3602 1150 3647 ct
1171 3596 1241 3647 iusto

138 3669 171 3721 ab
191 3685 223 3720 oo
244 3677 371 3736 exceptus
389 3678 430 3723 est
448 3680 475 3723 ct
494 3687 561 3724 unus
581 3689 614 3722 cx
634 3673 798 3741 ignobilibus
819 3679 859 3724 est
877 3669 1035 3739 neglectus,
1054 3669 1103 3719 sed
1122 3667 1242 3734 corporis

138 3755 250 3809 poenam
271 3755 325 3792 non
345 3741 442 3807 subiit,
469 3741 536 3794 licet
554 3743 622 3794 hanc
647 3747 797 3814 suspicatus
822 3752 932 3811 proptor
949 3743 1059 3809 priores
1090 3737 1241 3790 inimicitias

139 3823 166 3867 et
185 3814 293 3883 pugnas'
309 3813 452 3880 capitales,
481 3814 607 3882 expulsus
632 3825 720 3868 autem
746 3816 778 3868 ad
804 3817 932 3885 quandam
958 3813 1131 3866 Macedonum
1150 3810 1242 3880 urbem

138 3901 192 3938 non
210 3886 293 3938 multo
316 3894 378 3952 post
403 3888 592 3938 necessitatem
619 3890 760 3952 sustinuit,
786 3903 854 3955 quac
885 3903 947 3937 num
967 3891 1052 3934 morte
1070 3881 1186 3934 naturali
1206 3895 1240 3932 au
1267 3936 1271 3943 x

89 4026 93 4032 Ι
139 3956 243 4011 insidiis
263 3959 289 4008 ei
309 3966 401 4024 parata
420 3959 511 4024 fuerit,
523 3955 704 4033 'nemoxcerto
728 3961 788 4011 scit.

238 4053 303 4109 (lusu
321 4063 409 4107 autem
421 4056 592 4124 ingressurus
607 4065 679 4109 osset
692 4056 843 4122 Brpennius
856 4052 1059 4121 Adrianopolin,
1080 4052 1167 4124 omnis
1186 4050 1244 4102 fere

140 4126 200 4179 urbs
225 4135 372 4182 exstantem
400 4129 565 4180 vicinitatem
597 4129 720 4197 excepitz
746 4135 826 4196 atque
861 4133 918 4178 orat
941 4124 1082 4177 multitudo
1110 4122 1242 4192 gregatim

142 4198 224 4254 offusa
242 4215 291 4269 per
309 4213 443 4267 campum,
469 4213 592 4269 pompam
611 4201 668 4264 cius
693 4198 840 4269 excipiens.
887 4197 932 4250 ubi
958 4205 1046 4284 autom
1067 4196 1245 4266 apparuerunt
