<?xml version="1.0" encoding="UTF-8"?>
<!DOCTYPE html PUBLIC "-//W3C//DTD XHTML 1.0 Transitional//EN"
    "http://www.w3.org/TR/xhtml1/DTD/xhtml1-transitional.dtd">
<html xmlns="http://www.w3.org/1999/xhtml" xml:lang="en" lang="en">
 <head>
  <title>
</title>
<meta http-equiv="Content-Type" content="text/html;charset=utf-8" />
  <meta name='ocr-system' content='tesseract 3.04.00' />
  <meta name='ocr-capabilities' content='ocr_page ocr_carea ocr_par ocr_line ocrx_word'/>
</head>
<body>
  <div class='ocr_page' id='page_1' title='image "./corpusscriptoru41theogoog/corpusscriptoru41theogoog_0066.png"; bbox 0 0 2967 4825; ppageno 0'>
   <div class='ocr_carea' id='block_1_1' title="bbox 190 252 1063 374">
    <p class='ocr_par' dir='ltr' id='par_1_1' title="bbox 190 242 1063 374">
     <span class='ocr_line' id='line_1_1' title="bbox 190 252 1063 374; baseline -0.003 -36"><span class='ocrx_word' id='word_1_1' title='bbox 190 368 195 374; x_wconf 85' lang='lat'><em>.</em></span> <span class='ocrx_word' id='word_1_2' title='bbox 257 252 315 337; x_wconf 89' lang='grc'><strong><em>48</em></strong></span> <span class='ocrx_word' id='word_1_3' title='bbox 547 266 769 337; x_wconf 72' lang='lat' dir='ltr'><strong>ntentans</strong></span> <span class='ocrx_word' id='word_1_4' title='bbox 802 265 1063 335; x_wconf 72' lang='lat' dir='ltr'><strong>imminuta</strong></span> 
     </span>
    </p>
   </div>
   <div class='ocr_carea' id='block_1_2' title="bbox 34 315 1475 2716">
    <p class='ocr_par' dir='ltr' id='par_1_2' title="bbox 34 315 1475 2716">
     <span class='ocr_line' id='line_1_2' title="bbox 257 315 1474 492; baseline -0.002 -23"><span class='ocrx_word' id='word_1_5' title='bbox 257 400 322 491; x_wconf 84' lang='grc' dir='ltr'><strong><em>μήν</em></strong></span> <span class='ocrx_word' id='word_1_6' title='bbox 346 401 426 472; x_wconf 68' lang='lat' dir='ltr'><strong>atti</strong></span> <span class='ocrx_word' id='word_1_7' title='bbox 458 428 510 471; x_wconf 91' lang='grc' dir='ltr'><strong><em>ιιαι</em></strong></span> <span class='ocrx_word' id='word_1_8' title='bbox 541 408 677 471; x_wconf 78' lang='grc' dir='ltr'><strong><em>ιιαιναῖιι</em></strong></span> <span class='ocrx_word' id='word_1_9' title='bbox 672 404 869 491; x_wconf 73' lang='grc' dir='ltr'><strong><em>οἰκημάτων</em></strong></span> <span class='ocrx_word' id='word_1_10' title='bbox 901 407 936 472; x_wconf 76' lang='grc' dir='ltr'><strong><em>δν</em></strong></span> <span class='ocrx_word' id='word_1_11' title='bbox 960 404 1127 492; x_wconf 77' lang='grc' dir='ltr'><strong><em>διαφόροις</em></strong></span> <span class='ocrx_word' id='word_1_12' title='bbox 1155 398 1268 478; x_wconf 80' lang='grc' dir='ltr'><strong><em>τόποις</em></strong></span> <span class='ocrx_word' id='word_1_13' title='bbox 1285 400 1370 469; x_wconf 69' lang='grc' dir='ltr'><strong><em>διιε-</em></strong></span> <span class='ocrx_word' id='word_1_14' title='bbox 1472 315 1474 456; x_wconf 87' lang='lat' dir='ltr'><strong>l</strong></span> 
     </span>
     <span class='ocr_line' id='line_1_3' title="bbox 258 504 1369 624; baseline 0.001 -58"><span class='ocrx_word' id='word_1_15' title='bbox 258 505 387 589; x_wconf 77' lang='grc' dir='ltr'><strong><em>σοι’,ητο</em></strong></span> <span class='ocrx_word' id='word_1_16' title='bbox 416 530 469 569; x_wconf 92' lang='grc' dir='ltr'><strong><em>ιιαι</em></strong></span> <span class='ocrx_word' id='word_1_17' title='bbox 465 506 698 587; x_wconf 81' lang='grc' dir='ltr'><strong><em>α’νοιιιοδομάς</em></strong></span> <span class='ocrx_word' id='word_1_18' title='bbox 719 514 865 624; x_wconf 76' lang='grc' dir='ltr'><strong><em>συνεχεῖς</em></strong></span> <span class='ocrx_word' id='word_1_19' title='bbox 885 504 968 589; x_wconf 81' lang='grc' dir='ltr'><strong><em>ἔχων</em></strong></span> <span class='ocrx_word' id='word_1_20' title='bbox 987 509 1021 571; x_wconf 77' lang='grc' dir='ltr'><strong><em>ἐν</em></strong></span> <span class='ocrx_word' id='word_1_21' title='bbox 1041 506 1171 581; x_wconf 76' lang='grc' dir='ltr'><strong><em>ταύταις</em></strong></span> <span class='ocrx_word' id='word_1_22' title='bbox 1190 505 1369 589; x_wconf 76' lang='grc' dir='ltr'><strong><em>φροντίδας</em></strong></span> 
     </span>
     <span class='ocr_line' id='line_1_4' title="bbox 140 602 1369 727; baseline 0.001 -59"><span class='ocrx_word' id='word_1_23' title='bbox 140 613 142 616; x_wconf 80' lang='grc'><strong>’</strong></span> <span class='ocrx_word' id='word_1_24' title='bbox 206 658 210 663; x_wconf 98' lang='grc'>.</span> <span class='ocrx_word' id='word_1_25' title='bbox 257 608 426 671; x_wconf 80' lang='grc' dir='ltr'><strong><em>ιιατεκίνοιι</em></strong></span> <span class='ocrx_word' id='word_1_26' title='bbox 448 607 591 689; x_wconf 76' lang='grc' dir='ltr'><strong><em>συχνοῖς·</em></strong></span> <span class='ocrx_word' id='word_1_27' title='bbox 640 605 673 672; x_wconf 78' lang='grc' dir='ltr'><strong><em>τὸ</em></strong></span> <span class='ocrx_word' id='word_1_28' title='bbox 699 610 734 673; x_wconf 75' lang='lat' dir='ltr'><strong><em>bl</em></strong></span> <span class='ocrx_word' id='word_1_29' title='bbox 760 610 825 672; x_wconf 76' lang='grc' dir='ltr'><strong><em>τῶν</em></strong></span> <span class='ocrx_word' id='word_1_30' title='bbox 847 602 970 673; x_wconf 79' lang='lat' dir='ltr'><strong>b&#39;iaur‘</strong></span> <span class='ocrx_word' id='word_1_31' title='bbox 950 608 1098 673; x_wconf 80' lang='grc' dir='ltr'><strong><em>απάντων</em></strong></span> <span class='ocrx_word' id='word_1_32' title='bbox 1112 606 1289 727; x_wconf 78' lang='grc' dir='ltr'><strong><em>οπερίχον</em></strong></span> <span class='ocrx_word' id='word_1_33' title='bbox 1311 608 1369 669; x_wconf 80' lang='grc' dir='ltr'><strong><em>κατ’</em></strong></span> 
     </span>
     <span class='ocr_line' id='line_1_5' title="bbox 258 699 1369 833; baseline -0.002 -64"><span class='ocrx_word' id='word_1_34' title='bbox 258 704 496 790; x_wconf 73' lang='grc' dir='ltr'><strong><em>προτιμώμενον</em></strong></span> <span class='ocrx_word' id='word_1_35' title='bbox 516 700 605 794; x_wconf 64' lang='lat' dir='ltr'><strong>obtegi</strong></span> <span class='ocrx_word' id='word_1_36' title='bbox 626 704 661 772; x_wconf 84' lang='grc' dir='ltr'><strong><em>τὸ</em></strong></span> <span class='ocrx_word' id='word_1_37' title='bbox 684 708 926 833; x_wconf 76' lang='grc' dir='ltr'><strong><em>φροντιστήριον</em></strong></span> <span class='ocrx_word' id='word_1_38' title='bbox 945 699 1003 795; x_wconf 84' lang='grc' dir='ltr'><strong><em>ῆν,</em></strong></span> <span class='ocrx_word' id='word_1_39' title='bbox 1030 708 1077 784; x_wconf 83' lang='grc' dir='ltr'><strong><em>εἰς</em></strong></span> <span class='ocrx_word' id='word_1_40' title='bbox 1101 703 1120 768; x_wconf 67' lang='lat' dir='ltr'><strong><em>o*</em></strong></span> <span class='ocrx_word' id='word_1_41' title='bbox 1143 705 1198 771; x_wconf 81' lang='grc' dir='ltr'><strong><em>καί</em></strong></span> <span class='ocrx_word' id='word_1_42' title='bbox 1212 702 1246 769; x_wconf 85' lang='grc' dir='ltr'><strong><em>το“</em></strong></span> <span class='ocrx_word' id='word_1_43' title='bbox 1272 728 1369 787; x_wconf 81' lang='grc' dir='ltr'><strong><em>περι-</em></strong></span> 
     </span>
     <span class='ocr_line' id='line_1_6' title="bbox 258 800 1393 906; baseline 0 -37"><span class='ocrx_word' id='word_1_44' title='bbox 258 804 403 880; x_wconf 85' lang='grc' dir='ltr'><strong><em>ιιιιλλὲς</em></strong></span> <span class='ocrx_word' id='word_1_45' title='bbox 392 830 479 892; x_wconf 91' lang='grc' dir='ltr'><strong><em>ιερον</em></strong></span> <span class='ocrx_word' id='word_1_46' title='bbox 500 810 700 893; x_wconf 78' lang='grc' dir='ltr'><strong><em>ιίνηχίρθῆ’</em></strong></span> <span class='ocrx_word' id='word_1_47' title='bbox 685 812 733 873; x_wconf 83' lang='grc' dir='ltr'><strong><em>ια’</em></strong></span> <span class='ocrx_word' id='word_1_48' title='bbox 755 805 888 890; x_wconf 79' lang='grc' dir='ltr'><strong><em>ὀνόματι</em></strong></span> <span class='ocrx_word' id='word_1_49' title='bbox 909 834 965 873; x_wconf 92' lang='grc' dir='ltr'><strong><em>τοο</em></strong></span> <span class='ocrx_word' id='word_1_50' title='bbox 988 812 1023 875; x_wconf 73' lang='grc' dir='ltr'><strong><em>ἐν</em></strong></span> <span class='ocrx_word' id='word_1_51' title='bbox 1041 808 1184 906; x_wconf 76' lang='grc' dir='ltr'><strong><em>μάρτυσι</em></strong></span> <span class='ocrx_word' id='word_1_52' title='bbox 1205 800 1393 889; x_wconf 67' lang='lat' dir='ltr'><strong>aspersuri-5</strong></span> 
     </span>
     <span class='ocr_line' id='line_1_7' title="bbox 256 902 1369 993; baseline 0.001 -23"><span class='ocrx_word' id='word_1_53' title='bbox 256 929 320 987; x_wconf 85' lang='grc' dir='ltr'><strong><em>μου</em></strong></span> <span class='ocrx_word' id='word_1_54' title='bbox 342 902 436 989; x_wconf 74' lang='lat' dir='ltr'><strong>clyton</strong></span> <span class='ocrx_word' id='word_1_55' title='bbox 457 910 489 975; x_wconf 86' lang='grc' dir='ltr'><strong><em>Γ</em></strong></span> <span class='ocrx_word' id='word_1_56' title='bbox 486 934 629 993; x_wconf 75' lang='grc' dir='ltr'><strong><em>εωοχιοο,</em></strong></span> <span class='ocrx_word' id='word_1_57' title='bbox 654 904 873 992; x_wconf 67' lang='grc' dir='ltr'><strong><em>οἰκοδομαῖςι</em></strong></span> <span class='ocrx_word' id='word_1_58' title='bbox 859 916 984 993; x_wconf 85' lang='grc' dir='ltr'><strong><em>ετὲραις</em></strong></span> <span class='ocrx_word' id='word_1_59' title='bbox 1005 914 1185 990; x_wconf 78' lang='grc' dir='ltr'><strong><em>βασιλικαῖς</em></strong></span> <span class='ocrx_word' id='word_1_60' title='bbox 1206 909 1369 987; x_wconf 82' lang='grc' dir='ltr'><strong><em>εἰιλελαμ-</em></strong></span> 
     </span>
     <span class='ocr_line' id='line_1_8' title="bbox 256 1008 1368 1094; baseline -0.003 -22"><span class='ocrx_word' id='word_1_61' title='bbox 256 1012 455 1094; x_wconf 77' lang='grc' dir='ltr'><strong><em>προσμένον,</em></strong></span> <span class='ocrx_word' id='word_1_62' title='bbox 487 1034 541 1075; x_wconf 87' lang='grc' dir='ltr'><strong><em>και</em></strong></span> <span class='ocrx_word' id='word_1_63' title='bbox 573 1009 736 1093; x_wconf 80' lang='grc' dir='ltr'><strong><em>πολλῆν’</em></strong></span> <span class='ocrx_word' id='word_1_64' title='bbox 723 1010 798 1092; x_wconf 80' lang='grc' dir='ltr'><strong><em>ἐχον</em></strong></span> <span class='ocrx_word' id='word_1_65' title='bbox 820 1008 878 1094; x_wconf 85' lang='grc' dir='ltr'><strong><em>τήν</em></strong></span> <span class='ocrx_word' id='word_1_66' title='bbox 896 1008 1058 1093; x_wconf 86' lang='grc' dir='ltr'><strong><em>τερπωλήν</em></strong></span> <span class='ocrx_word' id='word_1_67' title='bbox 1085 1017 1148 1085; x_wconf 82' lang='grc' dir='ltr'><strong><em>τοῖς</em></strong></span> <span class='ocrx_word' id='word_1_68' title='bbox 1176 1012 1368 1094; x_wconf 79' lang='grc' dir='ltr'><strong><em>περιέχουσι</em></strong></span> 
     </span>
     <span class='ocr_line' id='line_1_9' title="bbox 190 1107 1393 1199; baseline 0.005 -26"><span class='ocrx_word' id='word_1_69' title='bbox 190 1132 193 1135; x_wconf 92' lang='grc'><em>·</em></span> <span class='ocrx_word' id='word_1_70' title='bbox 256 1112 359 1175; x_wconf 75' lang='grc' dir='ltr'><strong><em>ταῦτα</em></strong></span> <span class='ocrx_word' id='word_1_71' title='bbox 390 1112 525 1194; x_wconf 74' lang='grc' dir='ltr'><strong><em>λειμοῖσι</em></strong></span> <span class='ocrx_word' id='word_1_72' title='bbox 552 1114 607 1175; x_wconf 88' lang='grc' dir='ltr'><strong><em>ιιαί</em></strong></span> <span class='ocrx_word' id='word_1_73' title='bbox 633 1119 702 1187; x_wconf 88' lang='grc' dir='ltr'><strong><em>ταῖς</em></strong></span> <span class='ocrx_word' id='word_1_74' title='bbox 724 1116 866 1195; x_wconf 83' lang='grc' dir='ltr'><strong><em>εἀριναῖς</em></strong></span> <span class='ocrx_word' id='word_1_75' title='bbox 894 1109 1005 1199; x_wconf 85' lang='grc' dir='ltr'><strong><em>πόαις,</em></strong></span> <span class='ocrx_word' id='word_1_76' title='bbox 1027 1107 1069 1186; x_wconf 78' lang='grc' dir='ltr'><strong><em>τῆς</em></strong></span> <span class='ocrx_word' id='word_1_77' title='bbox 1102 1111 1393 1189; x_wconf 52' lang='grc' dir='ltr'><strong><em>αἰταμιλλᾶοθιιι,</em></strong></span> 
     </span>
     <span class='ocr_line' id='line_1_10' title="bbox 256 1207 1367 1297; baseline -0.003 -23"><span class='ocrx_word' id='word_1_78' title='bbox 256 1207 314 1287; x_wconf 75' lang='grc' dir='ltr'><strong><em>τὰς</em></strong></span> <span class='ocrx_word' id='word_1_79' title='bbox 336 1209 504 1292; x_wconf 75' lang='grc' dir='ltr'><strong><em>οἰκοδομὰς</em></strong></span> <span class='ocrx_word' id='word_1_80' title='bbox 525 1220 590 1287; x_wconf 87' lang='grc' dir='ltr'><strong><em>τοῖς</em></strong></span> <span class='ocrx_word' id='word_1_81' title='bbox 616 1208 789 1296; x_wconf 76' lang='grc' dir='ltr'><strong><em>διιαίθροις</em></strong></span> <span class='ocrx_word' id='word_1_82' title='bbox 809 1215 864 1277; x_wconf 84' lang='grc' dir='ltr'><strong><em>καί</em></strong></span> <span class='ocrx_word' id='word_1_83' title='bbox 881 1211 935 1275; x_wconf 74' lang='grc' dir='ltr'><strong><em>διὰ</em></strong></span> <span class='ocrx_word' id='word_1_84' title='bbox 956 1217 1017 1277; x_wconf 75' lang='grc' dir='ltr'><strong><em>τῶν</em></strong></span> <span class='ocrx_word' id='word_1_85' title='bbox 1039 1211 1233 1297; x_wconf 75' lang='grc' dir='ltr'><strong><em>ἀμφοτέρων</em></strong></span> <span class='ocrx_word' id='word_1_86' title='bbox 1256 1208 1367 1293; x_wconf 75' lang='grc' dir='ltr'><strong><em>ἅρμο-</em></strong></span> 
     </span>
     <span class='ocr_line' id='line_1_11' title="bbox 256 1307 1412 1399; baseline -0.002 -22"><span class='ocrx_word' id='word_1_87' title='bbox 256 1316 326 1377; x_wconf 89' lang='grc' dir='ltr'><strong><em>νίαν</em></strong></span> <span class='ocrx_word' id='word_1_88' title='bbox 347 1307 465 1395; x_wconf 79' lang='grc' dir='ltr'><strong><em>ἡδονῆς</em></strong></span> <span class='ocrx_word' id='word_1_89' title='bbox 500 1320 563 1388; x_wconf 85' lang='grc' dir='ltr'><strong><em>τοῖς</em></strong></span> <span class='ocrx_word' id='word_1_90' title='bbox 595 1317 727 1391; x_wconf 76' lang='grc' dir='ltr'><strong><em>θεαταῖς</em></strong></span> <span class='ocrx_word' id='word_1_91' title='bbox 754 1316 983 1399; x_wconf 80' lang='grc' dir='ltr'><strong><em>περιγίνεσθαι.</em></strong></span> <span class='ocrx_word' id='word_1_92' title='bbox 1034 1314 1159 1397; x_wconf 82' lang='grc' dir='ltr'><strong><em>συνῆψε</em></strong></span> <span class='ocrx_word' id='word_1_93' title='bbox 1181 1314 1217 1377; x_wconf 76' lang='grc' dir='ltr'><strong><em>δὲ</em></strong></span> <span class='ocrx_word' id='word_1_94' title='bbox 1238 1311 1367 1387; x_wconf 77' lang='grc' dir='ltr'><strong><em>τούτοις</em></strong></span> <span class='ocrx_word' id='word_1_95' title='bbox 1378 1334 1412 1387; x_wconf 83' lang='lat'><strong><em>10</em></strong></span> 
     </span>
     <span class='ocr_line' id='line_1_12' title="bbox 256 1363 1475 1540; baseline -0.002 -63"><span class='ocrx_word' id='word_1_96' title='bbox 256 1415 311 1478; x_wconf 85' lang='grc' dir='ltr'><strong><em>καί</em></strong></span> <span class='ocrx_word' id='word_1_97' title='bbox 331 1420 530 1494; x_wconf 86' lang='grc' dir='ltr'><strong><em>νοσοκομεῖον</em></strong></span> <span class='ocrx_word' id='word_1_98' title='bbox 552 1416 748 1494; x_wconf 84' lang='grc' dir='ltr'><strong><em>ἐπιμελείαςΙ</em></strong></span> <span class='ocrx_word' id='word_1_99' title='bbox 762 1414 953 1495; x_wconf 74' lang='grc' dir='ltr'><strong><em>ἀνάμεστον.</em></strong></span> <span class='ocrx_word' id='word_1_100' title='bbox 1006 1412 1101 1501; x_wconf 78' lang='grc' dir='ltr'><strong><em>φύσει</em></strong></span> <span class='ocrx_word' id='word_1_101' title='bbox 1124 1415 1159 1478; x_wconf 76' lang='grc' dir='ltr'><strong><em>δὲ</em></strong></span> <span class='ocrx_word' id='word_1_102' title='bbox 1179 1417 1369 1496; x_wconf 82' lang='grc' dir='ltr'><strong><em>μεγαλιορ-</em></strong></span> <span class='ocrx_word' id='word_1_103' title='bbox 1472 1363 1475 1540; x_wconf 53' lang='lat' dir='ltr'><strong>l</strong></span> 
     </span>
     <span class='ocr_line' id='line_1_13' title="bbox 256 1507 1367 1597; baseline 0 -20"><span class='ocrx_word' id='word_1_104' title='bbox 256 1513 309 1597; x_wconf 77' lang='lat' dir='ltr'><strong><em>ybc</em></strong></span> <span class='ocrx_word' id='word_1_105' title='bbox 330 1507 373 1578; x_wconf 75' lang='lat' dir='ltr'><strong><em>ola</em></strong></span> <span class='ocrx_word' id='word_1_106' title='bbox 394 1518 449 1578; x_wconf 84' lang='grc' dir='ltr'><strong><em>ιιαί</em></strong></span> <span class='ocrx_word' id='word_1_107' title='bbox 470 1509 643 1596; x_wconf 77' lang='grc' dir='ltr'><strong><em>βασιλιιων</em></strong></span> <span class='ocrx_word' id='word_1_108' title='bbox 661 1519 804 1597; x_wconf 78' lang='grc' dir='ltr'><strong><em>χαρίτων</em></strong></span> <span class='ocrx_word' id='word_1_109' title='bbox 820 1516 995 1597; x_wconf 73' lang='grc' dir='ltr'><strong><em>(ἐνίπλειος,</em></strong></span> <span class='ocrx_word' id='word_1_110' title='bbox 1008 1540 1061 1580; x_wconf 89' lang='grc' dir='ltr'><strong><em>ιιαι</em></strong></span> <span class='ocrx_word' id='word_1_111' title='bbox 1057 1514 1168 1594; x_wconf 75' lang='grc' dir='ltr'><strong><em>ζώων</em></strong></span> <span class='ocrx_word' id='word_1_112' title='bbox 1189 1510 1367 1595; x_wconf 75' lang='grc' dir='ltr'><strong><em>ἀσυνήθεις</em></strong></span> 
     </span>
     <span class='ocr_line' id='line_1_14' title="bbox 256 1602 1366 1716; baseline 0 -37"><span class='ocrx_word' id='word_1_113' title='bbox 256 1602 345 1689; x_wconf 78' lang='grc' dir='ltr'><strong><em>ἰδίας</em></strong></span> <span class='ocrx_word' id='word_1_114' title='bbox 365 1615 471 1689; x_wconf 69' lang='grc' dir='ltr'><strong><em>τοῖς“</em></strong></span> <span class='ocrx_word' id='word_1_115' title='bbox 450 1613 599 1716; x_wconf 85' lang='grc' dir='ltr'><strong><em>οπηιιὸοις</em></strong></span> <span class='ocrx_word' id='word_1_116' title='bbox 630 1616 664 1693; x_wconf 78' lang='grc' dir='ltr'><strong><em>ἐξ</em></strong></span> <span class='ocrx_word' id='word_1_117' title='bbox 686 1616 867 1700; x_wconf 77' lang='grc' dir='ltr'><strong><em>ἀλλοδαπῆς</em></strong></span> <span class='ocrx_word' id='word_1_118' title='bbox 889 1617 1109 1701; x_wconf 76' lang='grc' dir='ltr'><strong><em>παρεστήσατο</em></strong></span> <span class='ocrx_word' id='word_1_119' title='bbox 1129 1618 1202 1699; x_wconf 75' lang='grc' dir='ltr'><strong><em>γῆς,</em></strong></span> <span class='ocrx_word' id='word_1_120' title='bbox 1221 1616 1311 1696; x_wconf 79' lang='grc' dir='ltr'><strong><em>μεθ’·</em></strong></span> <span class='ocrx_word' id='word_1_121' title='bbox 1320 1606 1366 1681; x_wconf 77' lang='grc' dir='ltr'><strong><em>ὧν</em></strong></span> 
     </span>
     <span class='ocr_line' id='line_1_15' title="bbox 258 1692 1386 1804; baseline 0.002 -27"><span class='ocrx_word' id='word_1_122' title='bbox 258 1738 312 1779; x_wconf 84' lang='grc' dir='ltr'><strong><em>και</em></strong></span> <span class='ocrx_word' id='word_1_123' title='bbox 334 1712 389 1777; x_wconf 82' lang='grc' dir='ltr'><strong><em>τὸν</em></strong></span> <span class='ocrx_word' id='word_1_124' title='bbox 410 1692 600 1801; x_wconf 71' lang='grc' dir='ltr'><strong><em>μέγιστον’</em></strong></span> <span class='ocrx_word' id='word_1_125' title='bbox 587 1740 621 1781; x_wconf 84' lang='grc' dir='ltr'><strong><em>εν</em></strong></span> <span class='ocrx_word' id='word_1_126' title='bbox 647 1718 854 1797; x_wconf 84' lang='grc' dir='ltr'><strong><em>τετραπόδοις</em></strong></span> <span class='ocrx_word' id='word_1_127' title='bbox 885 1718 1066 1804; x_wconf 73' lang='grc' dir='ltr'><strong><em>ἐλέφαντα,</em></strong></span> <span class='ocrx_word' id='word_1_128' title='bbox 1099 1742 1133 1793; x_wconf 89' lang='grc' dir='ltr'><strong><em>ος</em></strong></span> <span class='ocrx_word' id='word_1_129' title='bbox 1160 1718 1277 1796; x_wconf 82' lang='grc' dir='ltr'><strong><em>θαομα</em></strong></span> <span class='ocrx_word' id='word_1_130' title='bbox 1299 1710 1386 1790; x_wconf 63' lang='grc' dir='ltr'><strong><em>τοῖς*</em></strong></span> 
     </span>
     <span class='ocr_line' id='line_1_16' title="bbox 258 1811 1474 1901; baseline 0 -20"><span class='ocrx_word' id='word_1_131' title='bbox 258 1818 448 1895; x_wconf 85' lang='grc' dir='ltr'><strong><em>Βοζαντιοις</em></strong></span> <span class='ocrx_word' id='word_1_132' title='bbox 474 1821 529 1882; x_wconf 85' lang='grc' dir='ltr'><strong><em>καί</em></strong></span> <span class='ocrx_word' id='word_1_133' title='bbox 555 1826 619 1893; x_wconf 90' lang='grc' dir='ltr'><strong><em>τοῖς</em></strong></span> <span class='ocrx_word' id='word_1_134' title='bbox 642 1811 749 1893; x_wconf 85' lang='grc' dir='ltr'><strong><em>αλλοις</em></strong></span> <span class='ocrx_word' id='word_1_135' title='bbox 773 1811 1013 1899; x_wconf 88' lang='grc' dir='ltr'><strong><em>Ῥωμαίοις,</em></strong></span> <span class='ocrx_word' id='word_1_136' title='bbox 985 1844 1031 1883; x_wconf 91' lang='grc' dir='ltr'><strong><em>ιον</em></strong></span> <span class='ocrx_word' id='word_1_137' title='bbox 1051 1820 1096 1894; x_wconf 87' lang='grc' dir='ltr'><strong><em>εἰς</em></strong></span> <span class='ocrx_word' id='word_1_138' title='bbox 1116 1811 1192 1899; x_wconf 80' lang='grc' dir='ltr'><strong><em>οψιν</em></strong></span> <span class='ocrx_word' id='word_1_139' title='bbox 1224 1816 1366 1901; x_wconf 77' lang='grc' dir='ltr'><strong><em>ελήλοθι</em></strong></span> <span class='ocrx_word' id='word_1_140' title='bbox 1377 1837 1410 1889; x_wconf 83' lang='lat'><strong><em>15</em></strong></span> <span class='ocrx_word' id='word_1_141' title='bbox 1473 1849 1474 1852; x_wconf 43' lang='grc'><strong>“</strong></span> 
     </span>
     <span class='ocr_line' id='line_1_17' title="bbox 258 1914 1367 2005; baseline 0.003 -25"><span class='ocrx_word' id='word_1_142' title='bbox 258 1914 477 2003; x_wconf 84' lang='grc' dir='ltr'><strong><em>διερχόμενος,</em></strong></span> <span class='ocrx_word' id='word_1_143' title='bbox 506 1917 727 2003; x_wconf 77' lang='grc' dir='ltr'><strong><em>ἐχρημάτισεν.</em></strong></span> <span class='ocrx_word' id='word_1_144' title='bbox 782 1916 849 1984; x_wconf 78' lang='grc' dir='ltr'><strong><em>ἔστι</em></strong></span> <span class='ocrx_word' id='word_1_145' title='bbox 869 1920 932 2005; x_wconf 69' lang='grc' dir='ltr'><strong><em>γὰρ</em></strong></span> <span class='ocrx_word' id='word_1_146' title='bbox 959 1925 1089 2005; x_wconf 75' lang='grc' dir='ltr'><strong><em>μεγέθει</em></strong></span> <span class='ocrx_word' id='word_1_147' title='bbox 1115 1924 1176 2001; x_wconf 70' lang='grc' dir='ltr'><strong><em>μὲν</em></strong></span> <span class='ocrx_word' id='word_1_148' title='bbox 1205 1923 1367 2002; x_wconf 75' lang='grc' dir='ltr'><strong><em>μέγιστος,</em></strong></span> 
     </span>
     <span class='ocr_line' id='line_1_18' title="bbox 257 2012 1366 2105; baseline 0.002 -24"><span class='ocrx_word' id='word_1_149' title='bbox 257 2014 331 2093; x_wconf 77' lang='grc' dir='ltr'><strong><em>τούς</em></strong></span> <span class='ocrx_word' id='word_1_150' title='bbox 360 2012 462 2096; x_wconf 80' lang='grc' dir='ltr'><strong><em>πόδας</em></strong></span> <span class='ocrx_word' id='word_1_151' title='bbox 494 2016 577 2102; x_wconf 75' lang='grc' dir='ltr'><strong><em>ἔχων</em></strong></span> <span class='ocrx_word' id='word_1_152' title='bbox 599 2022 751 2105; x_wconf 79' lang='grc' dir='ltr'><strong><em>ἐμφερεῖς</em></strong></span> <span class='ocrx_word' id='word_1_153' title='bbox 784 2022 996 2096; x_wconf 84' lang='grc' dir='ltr'><strong><em>Ἀτλαντικοῖς</em></strong></span> <span class='ocrx_word' id='word_1_154' title='bbox 1027 2025 1150 2103; x_wconf 88' lang='grc' dir='ltr'><strong><em>ιιιίισιν,</em></strong></span> <span class='ocrx_word' id='word_1_155' title='bbox 1171 2013 1242 2086; x_wconf 69' lang='grc' dir='ltr'><strong><em>εἶτα</em></strong></span> <span class='ocrx_word' id='word_1_156' title='bbox 1261 2022 1366 2103; x_wconf 76' lang='grc' dir='ltr'><strong><em>μηδὲν</em></strong></span> 
     </span>
     <span class='ocr_line' id='line_1_19' title="bbox 258 2115 1368 2207; baseline 0.004 -26"><span class='ocrx_word' id='word_1_157' title='bbox 258 2117 393 2192; x_wconf 86' lang='grc' dir='ltr'><strong><em>ιιόπίδος</em></strong></span> <span class='ocrx_word' id='word_1_158' title='bbox 413 2124 620 2205; x_wconf 77' lang='grc' dir='ltr'><strong><em>πελταστικῆς</em></strong></span> <span class='ocrx_word' id='word_1_159' title='bbox 645 2122 838 2207; x_wconf 86' lang='grc' dir='ltr'><strong><em>σ’ποδέονια,</em></strong></span> <span class='ocrx_word' id='word_1_160' title='bbox 859 2126 980 2207; x_wconf 82' lang='grc' dir='ltr'><strong><em>ιιίνήσιν</em></strong></span> <span class='ocrx_word' id='word_1_161' title='bbox 1007 2115 1147 2189; x_wconf 73' lang='grc' dir='ltr'><strong><em>ἄστατον</em></strong></span> <span class='ocrx_word' id='word_1_162' title='bbox 1169 2119 1224 2186; x_wconf 80' lang='grc' dir='ltr'><strong><em>διδ</em></strong></span> <span class='ocrx_word' id='word_1_163' title='bbox 1247 2118 1368 2195; x_wconf 85' lang='grc' dir='ltr'><strong><em>παντὸς</em></strong></span> 
     </span>
     <span class='ocr_line' id='line_1_20' title="bbox 259 2215 1474 2348; baseline 0.002 -65"><span class='ocrx_word' id='word_1_164' title='bbox 259 2217 509 2303; x_wconf 83' lang='grc' dir='ltr'><strong><em>προβαλλόμενα,</em></strong></span> <span class='ocrx_word' id='word_1_165' title='bbox 531 2221 587 2285; x_wconf 78' lang='grc' dir='ltr'><strong><em>οὐκ</em></strong></span> <span class='ocrx_word' id='word_1_166' title='bbox 610 2215 761 2298; x_wconf 73' lang='grc' dir='ltr'><strong><em>ἀναιτίως</em></strong></span> <span class='ocrx_word' id='word_1_167' title='bbox 782 2229 890 2304; x_wconf 79' lang='grc' dir='ltr'><strong><em>μέντοι</em></strong></span> <span class='ocrx_word' id='word_1_168' title='bbox 913 2222 996 2289; x_wconf 85' lang='grc' dir='ltr'><strong><em>α’λλοὶ</em></strong></span> <span class='ocrx_word' id='word_1_169' title='bbox 1020 2222 1110 2348; x_wconf 68' lang='lat' dir='ltr'><strong>polipo</strong></span> <span class='ocrx_word' id='word_1_170' title='bbox 1131 2230 1188 2289; x_wconf 82' lang='grc' dir='ltr'><strong><em>τοῦ</em></strong></span> <span class='ocrx_word' id='word_1_171' title='bbox 1205 2219 1366 2297; x_wconf 72' lang='grc' dir='ltr'><strong><em>κώνωπος.</em></strong></span> <span class='ocrx_word' id='word_1_172' title='bbox 1473 2305 1474 2308; x_wconf 9' lang='lat'>¹</span> 
     </span>
     <span class='ocr_line' id='line_1_21' title="bbox 204 2320 1474 2410; baseline 0.006 -26"><span class='ocrx_word' id='word_1_173' title='bbox 204 2362 210 2372; x_wconf 54' lang='grc' dir='ltr'><strong><em>ι</em></strong></span> <span class='ocrx_word' id='word_1_174' title='bbox 259 2321 383 2387; x_wconf 79' lang='grc' dir='ltr'><strong><em>πάντων</em></strong></span> <span class='ocrx_word' id='word_1_175' title='bbox 406 2320 467 2408; x_wconf 74' lang='grc' dir='ltr'><strong><em>γὰρ</em></strong></span> <span class='ocrx_word' id='word_1_176' title='bbox 492 2348 554 2389; x_wconf 87' lang='grc' dir='ltr'><strong><em>των</em></strong></span> <span class='ocrx_word' id='word_1_177' title='bbox 571 2347 727 2407; x_wconf 80' lang='grc' dir='ltr'><strong><em>μεγιστων</em></strong></span> <span class='ocrx_word' id='word_1_178' title='bbox 747 2330 869 2409; x_wconf 80' lang='grc' dir='ltr'><strong><em>θηριων</em></strong></span> <span class='ocrx_word' id='word_1_179' title='bbox 882 2349 1008 2406; x_wconf 83' lang='grc' dir='ltr'><strong><em>κρατων</em></strong></span> <span class='ocrx_word' id='word_1_180' title='bbox 1027 2327 1061 2388; x_wconf 79' lang='grc' dir='ltr'><strong><em>ἐν</em></strong></span> <span class='ocrx_word' id='word_1_181' title='bbox 1083 2324 1173 2410; x_wconf 80' lang='grc' dir='ltr'><strong><em>ἰσχύι</em></strong></span> <span class='ocrx_word' id='word_1_182' title='bbox 1195 2349 1248 2389; x_wconf 91' lang='grc' dir='ltr'><strong><em>ιιαι</em></strong></span> <span class='ocrx_word' id='word_1_183' title='bbox 1244 2324 1368 2387; x_wconf 84' lang='grc' dir='ltr'><strong><em>α’λιιι-</em></strong></span> <span class='ocrx_word' id='word_1_184' title='bbox 1375 2336 1412 2391; x_wconf 76' lang='lat'><strong><em>20</em></strong></span> <span class='ocrx_word' id='word_1_185' title='bbox 1473 2357 1474 2362; x_wconf 45' lang='lat'>¹</span> 
     </span>
     <span class='ocr_line' id='line_1_22' title="bbox 258 2419 1368 2546; baseline 0.005 -62"><span class='ocrx_word' id='word_1_186' title='bbox 258 2419 385 2507; x_wconf 60' lang='lat' dir='ltr'><strong>perlapsa,</strong></span> <span class='ocrx_word' id='word_1_187' title='bbox 408 2422 496 2508; x_wconf 81' lang='grc' dir='ltr'><strong><em>παρὰ</em></strong></span> <span class='ocrx_word' id='word_1_188' title='bbox 518 2423 619 2505; x_wconf 81' lang='grc' dir='ltr'><strong><em>μόνον</em></strong></span> <span class='ocrx_word' id='word_1_189' title='bbox 642 2428 699 2489; x_wconf 83' lang='grc' dir='ltr'><strong><em>τοῦ</em></strong></span> <span class='ocrx_word' id='word_1_190' title='bbox 722 2423 870 2503; x_wconf 75' lang='grc' dir='ltr'><strong><em>κώνωπος</em></strong></span> <span class='ocrx_word' id='word_1_191' title='bbox 900 2425 1056 2510; x_wconf 82' lang='grc' dir='ltr'><strong><em>ῆιτᾶοθαι</em></strong></span> <span class='ocrx_word' id='word_1_192' title='bbox 1079 2425 1230 2546; x_wconf 70' lang='grc' dir='ltr'><strong><em>δμολοχεῖ</em></strong></span> <span class='ocrx_word' id='word_1_193' title='bbox 1245 2450 1298 2490; x_wconf 89' lang='grc' dir='ltr'><strong><em>ιιαι</em></strong></span> <span class='ocrx_word' id='word_1_194' title='bbox 1321 2426 1368 2500; x_wconf 82' lang='grc' dir='ltr'><strong><em>ιδς</em></strong></span> 
     </span>
     <span class='ocr_line' id='line_1_23' title="bbox 259 2523 1378 2650; baseline 0.003 -63"><span class='ocrx_word' id='word_1_195' title='bbox 259 2523 393 2642; x_wconf 71' lang='grc' dir='ltr'><strong><em>θοίραιια</em></strong></span> <span class='ocrx_word' id='word_1_196' title='bbox 416 2523 553 2610; x_wconf 52' lang='grc' dir='ltr'><strong><em>τῆιςτοῖν</em></strong></span> <span class='ocrx_word' id='word_1_197' title='bbox 574 2552 663 2592; x_wconf 89' lang='grc' dir='ltr'><strong><em>ωτων</em></strong></span> <span class='ocrx_word' id='word_1_198' title='bbox 687 2528 807 2610; x_wconf 78' lang='grc' dir='ltr'><strong><em>κίνησιν</em></strong></span> <span class='ocrx_word' id='word_1_199' title='bbox 828 2524 994 2650; x_wconf 73' lang='grc' dir='ltr'><strong><em>α’ντεπάχει</em></strong></span> <span class='ocrx_word' id='word_1_200' title='bbox 1018 2528 1117 2616; x_wconf 73' lang='grc' dir='ltr'><strong><em>αὐτῷ,</em></strong></span> <span class='ocrx_word' id='word_1_201' title='bbox 1140 2526 1200 2645; x_wconf 83' lang='grc' dir='ltr'><strong><em>τήν</em></strong></span> <span class='ocrx_word' id='word_1_202' title='bbox 1222 2531 1378 2613; x_wconf 72' lang='grc' dir='ltr'><strong><em>προσβαι-Ι</em></strong></span> 
     </span>
     <span class='ocr_line' id='line_1_24' title="bbox 34 2614 1368 2716; baseline 0.004 -31"><span class='ocrx_word' id='word_1_203' title='bbox 34 2624 35 2628; x_wconf 69' lang='grc'>’</span> <span class='ocrx_word' id='word_1_204' title='bbox 132 2691 134 2696; x_wconf 68' lang='lat'><strong>,</strong></span> <span class='ocrx_word' id='word_1_205' title='bbox 228 2712 232 2716; x_wconf 20' lang='lat'>⁵</span> <span class='ocrx_word' id='word_1_206' title='bbox 259 2614 326 2706; x_wconf 90' lang='grc' dir='ltr'><strong><em>λήν</em></strong></span> <span class='ocrx_word' id='word_1_207' title='bbox 335 2621 630 2711; x_wconf 77' lang='grc' dir='ltr'><strong><em>τοίτοιιμακρόθεν</em></strong></span> <span class='ocrx_word' id='word_1_208' title='bbox 640 2630 836 2710; x_wconf 80' lang='grc' dir='ltr'><strong><em>α’ποοοβιόν·</em></strong></span> <span class='ocrx_word' id='word_1_209' title='bbox 860 2627 889 2693; x_wconf 83' lang='grc' dir='ltr'><strong><em>εἰ</em></strong></span> <span class='ocrx_word' id='word_1_210' title='bbox 914 2630 976 2714; x_wconf 79' lang='grc' dir='ltr'><strong><em>γὰρ</em></strong></span> <span class='ocrx_word' id='word_1_211' title='bbox 1001 2625 1112 2694; x_wconf 78' lang='grc' dir='ltr'><strong><em>λαθοδι</em></strong></span> <span class='ocrx_word' id='word_1_212' title='bbox 1134 2626 1252 2711; x_wconf 84' lang='grc' dir='ltr'><strong><em>ιιοοίιοψ</em></strong></span> <span class='ocrx_word' id='word_1_213' title='bbox 1276 2626 1368 2704; x_wconf 83' lang='grc' dir='ltr'><strong><em>ε’ντδς</em></strong></span> 
     </span>
    </p>
   </div>
   <div class='ocr_carea' id='block_1_3' title="bbox 332 2791 1368 2924">
    <p class='ocr_par' dir='ltr' id='par_1_3' title="bbox 332 2791 1368 2924">
     <span class='ocr_line' id='line_1_25' title="bbox 332 2791 1368 2924; baseline 0 -74"><span class='ocrx_word' id='word_1_214' title='bbox 332 2798 357 2920; x_wconf 52' lang='grc' dir='ltr'><strong>ὲ</strong></span> <span class='ocrx_word' id='word_1_215' title='bbox 378 2812 411 2850; x_wconf 86' lang='lat' dir='ltr'><strong>an</strong></span> <span class='ocrx_word' id='word_1_216' title='bbox 425 2798 581 2924; x_wconf 63' lang='lat' dir='ltr'><strong><em>⁸floriprtotqro</em></strong></span> <span class='ocrx_word' id='word_1_217' title='bbox 601 2798 811 2873; x_wconf 77' lang='grc' dir='ltr'><strong><em>δνοιιιοδομίς,</em></strong></span> <span class='ocrx_word' id='word_1_218' title='bbox 830 2803 879 2854; x_wconf 79' lang='grc' dir='ltr'><strong><em>καὶ</em></strong></span> <span class='ocrx_word' id='word_1_219' title='bbox 897 2797 949 2855; x_wconf 72' lang='grc' dir='ltr'><strong><em>ολ</em></strong></span> <span class='ocrx_word' id='word_1_220' title='bbox 1019 2791 1045 2851; x_wconf 79' lang='grc'><strong><em>3.</em></strong></span> <span class='ocrx_word' id='word_1_221' title='bbox 1066 2815 1099 2851; x_wconf 93' lang='lat' dir='ltr'><strong>an</strong></span> <span class='ocrx_word' id='word_1_222' title='bbox 1117 2803 1287 2854; x_wconf 70' lang='grc' dir='ltr'><strong><em>καταπῖνον</em></strong></span> <span class='ocrx_word' id='word_1_223' title='bbox 1306 2812 1368 2850; x_wconf 85' lang='lat' dir='ltr'><strong>cnm</strong></span> 
     </span>
     <span class='ocr_line' id='line_1_26' title="bbox 356 2883 423 2922; baseline 0.03 -2"><span class='ocrx_word' id='word_1_224' title='bbox 356 2883 423 2922; x_wconf 82' lang='lat' dir='ltr'><strong>runc</strong></span> 
     </span>
    </p>
   </div>
   <div class='ocr_carea' id='block_1_4' title="bbox 262 3045 1475 4257">
    <p class='ocr_par' dir='ltr' id='par_1_4' title="bbox 262 3045 1475 4257">
     <span class='ocr_line' id='line_1_27' title="bbox 263 3045 1368 3134; baseline 0.003 -40"><span class='ocrx_word' id='word_1_225' title='bbox 263 3050 403 3109; x_wconf 72' lang='lat' dir='ltr'><strong>superaret</strong></span> <span class='ocrx_word' id='word_1_226' title='bbox 421 3051 448 3094; x_wconf 88' lang='lat' dir='ltr'><strong>ot</strong></span> <span class='ocrx_word' id='word_1_227' title='bbox 467 3046 551 3114; x_wconf 79' lang='lat' dir='ltr'><strong>magis</strong></span> <span class='ocrx_word' id='word_1_228' title='bbox 573 3047 606 3098; x_wconf 86' lang='lat' dir='ltr'><strong><em>ab</em></strong></span> <span class='ocrx_word' id='word_1_229' title='bbox 626 3062 659 3098; x_wconf 88' lang='lat' dir='ltr'><strong><em>eo</em></strong></span> <span class='ocrx_word' id='word_1_230' title='bbox 689 3046 833 3111; x_wconf 87' lang='lat' dir='ltr'><strong>coleretur,</strong></span> <span class='ocrx_word' id='word_1_231' title='bbox 853 3055 910 3099; x_wconf 87' lang='lat' dir='ltr'><strong>erat</strong></span> <span class='ocrx_word' id='word_1_232' title='bbox 932 3047 1130 3134; x_wconf 82' lang='lat' dir='ltr'><strong>monasterium,</strong></span> <span class='ocrx_word' id='word_1_233' title='bbox 1150 3047 1176 3096; x_wconf 91' lang='lat' dir='ltr'><strong>in</strong></span> <span class='ocrx_word' id='word_1_234' title='bbox 1195 3045 1266 3114; x_wconf 82' lang='lat' dir='ltr'><strong>qnod</strong></span> <span class='ocrx_word' id='word_1_235' title='bbox 1286 3045 1368 3097; x_wconf 84' lang='lat' dir='ltr'><strong>etium</strong></span> 
     </span>
     <span class='ocr_line' id='line_1_28' title="bbox 262 3113 1367 3187; baseline 0.005 -24"><span class='ocrx_word' id='word_1_236' title='bbox 262 3113 451 3180; x_wconf 86' lang='lat' dir='ltr'><strong>perpulchrum</strong></span> <span class='ocrx_word' id='word_1_237' title='bbox 476 3115 602 3184; x_wconf 91' lang='lat' dir='ltr'><strong>templum</strong></span> <span class='ocrx_word' id='word_1_238' title='bbox 627 3119 778 3171; x_wconf 83' lang='lat' dir='ltr'><strong>restitutum</strong></span> <span class='ocrx_word' id='word_1_239' title='bbox 797 3127 837 3171; x_wconf 90' lang='lat' dir='ltr'><strong><em>est</em></strong></span> <span class='ocrx_word' id='word_1_240' title='bbox 855 3121 1015 3187; x_wconf 85' lang='lat' dir='ltr'><strong>cognomine</strong></span> <span class='ocrx_word' id='word_1_241' title='bbox 1033 3115 1202 3169; x_wconf 81' lang='lat' dir='ltr'><strong>celeberrimi</strong></span> <span class='ocrx_word' id='word_1_242' title='bbox 1220 3125 1367 3183; x_wconf 74' lang='lat' dir='ltr'><strong>martyrum</strong></span> 
     </span>
     <span class='ocr_line' id='line_1_29' title="bbox 262 3185 1366 3274; baseline 0.002 -38"><span class='ocrx_word' id='word_1_243' title='bbox 262 3186 347 3236; x_wconf 83' lang='lat' dir='ltr'><strong>sancti</strong></span> <span class='ocrx_word' id='word_1_244' title='bbox 368 3185 493 3271; x_wconf 78' lang='lat' dir='ltr'><strong>Georgii,</strong></span> <span class='ocrx_word' id='word_1_245' title='bbox 521 3189 650 3242; x_wconf 86' lang='lat' dir='ltr'><strong>aedificiis</strong></span> <span class='ocrx_word' id='word_1_246' title='bbox 679 3190 740 3241; x_wconf 85' lang='lat' dir='ltr'><strong>aliis</strong></span> <span class='ocrx_word' id='word_1_247' title='bbox 761 3192 843 3274; x_wconf 82' lang='lat' dir='ltr'><strong>regiis</strong></span> <span class='ocrx_word' id='word_1_248' title='bbox 868 3189 982 3255; x_wconf 78' lang='lat' dir='ltr'><strong>illustre,</strong></span> <span class='ocrx_word' id='word_1_249' title='bbox 1010 3198 1036 3240; x_wconf 88' lang='lat' dir='ltr'><strong><em>et</em></strong></span> <span class='ocrx_word' id='word_1_250' title='bbox 1055 3189 1149 3240; x_wconf 87' lang='lat' dir='ltr'><strong>multas</strong></span> <span class='ocrx_word' id='word_1_251' title='bbox 1168 3188 1269 3245; x_wconf 84' lang='lat' dir='ltr'><strong>habeus</strong></span> <span class='ocrx_word' id='word_1_252' title='bbox 1292 3188 1366 3240; x_wconf 88' lang='lat' dir='ltr'><strong>deli.</strong></span> 
     </span>
     <span class='ocr_line' id='line_1_30' title="bbox 262 3257 1475 3330; baseline 0.003 -24"><span class='ocrx_word' id='word_1_253' title='bbox 262 3257 318 3308; x_wconf 85' lang='lat' dir='ltr'><strong>cias</strong></span> <span class='ocrx_word' id='word_1_254' title='bbox 339 3259 420 3324; x_wconf 88' lang='lat' dir='ltr'><strong>pratis</strong></span> <span class='ocrx_word' id='word_1_255' title='bbox 442 3259 507 3311; x_wconf 86' lang='lat' dir='ltr'><strong>haec</strong></span> <span class='ocrx_word' id='word_1_256' title='bbox 528 3261 696 3330; x_wconf 72' lang='lat' dir='ltr'><strong>cingentibus</strong></span> <span class='ocrx_word' id='word_1_257' title='bbox 715 3269 742 3312; x_wconf 89' lang='lat' dir='ltr'><strong><em>et</em></strong></span> <span class='ocrx_word' id='word_1_258' title='bbox 760 3264 850 3313; x_wconf 80' lang='lat' dir='ltr'><strong>uernis</strong></span> <span class='ocrx_word' id='word_1_259' title='bbox 865 3261 974 3313; x_wconf 89' lang='lat' dir='ltr'><strong>lloribus</strong></span> <span class='ocrx_word' id='word_1_260' title='bbox 992 3263 1029 3312; x_wconf 90' lang='lat' dir='ltr'><strong>ita</strong></span> <span class='ocrx_word' id='word_1_261' title='bbox 1047 3268 1221 3312; x_wconf 85' lang='lat' dir='ltr'><strong>atcertarent</strong></span> <span class='ocrx_word' id='word_1_262' title='bbox 1241 3260 1367 3312; x_wconf 81' lang='lat' dir='ltr'><strong>aedilicia</strong></span> <span class='ocrx_word' id='word_1_263' title='bbox 1474 3308 1475 3329; x_wconf 57' lang='grc'><strong><em>,</em></strong></span> 
     </span>
     <span class='ocr_line' id='line_1_31' title="bbox 262 3331 1475 3401; baseline 0.007 -23"><span class='ocrx_word' id='word_1_264' title='bbox 262 3343 321 3379; x_wconf 90' lang='lat' dir='ltr'><strong><em>cum</em></strong></span> <span class='ocrx_word' id='word_1_265' title='bbox 339 3331 439 3396; x_wconf 88' lang='lat' dir='ltr'><strong>apertis</strong></span> <span class='ocrx_word' id='word_1_266' title='bbox 455 3331 522 3384; x_wconf 85' lang='lat' dir='ltr'><strong>locis</strong></span> <span class='ocrx_word' id='word_1_267' title='bbox 544 3340 570 3384; x_wconf 92' lang='lat' dir='ltr'><strong><em>et</em></strong></span> <span class='ocrx_word' id='word_1_268' title='bbox 588 3335 707 3400; x_wconf 84' lang='lat' dir='ltr'><strong>utrisque</strong></span> <span class='ocrx_word' id='word_1_269' title='bbox 727 3333 872 3384; x_wconf 85' lang='lat' dir='ltr'><strong>harmonia</strong></span> <span class='ocrx_word' id='word_1_270' title='bbox 883 3333 972 3401; x_wconf 83' lang='lat' dir='ltr'><strong>gaudii</strong></span> <span class='ocrx_word' id='word_1_271' title='bbox 987 3332 1180 3399; x_wconf 77' lang='lat' dir='ltr'><strong>spectatoribus</strong></span> <span class='ocrx_word' id='word_1_272' title='bbox 1198 3341 1364 3398; x_wconf 72' lang='lat' dir='ltr'><strong>superesset.</strong></span> <span class='ocrx_word' id='word_1_273' title='bbox 1436 3355 1441 3363; x_wconf 61' lang='lat'><strong><em>¹</em></strong></span> <span class='ocrx_word' id='word_1_274' title='bbox 1474 3380 1475 3387; x_wconf 73' lang='grc'><strong><em>,</em></strong></span> 
     </span>
     <span class='ocr_line' id='line_1_32' title="bbox 262 3399 1366 3470; baseline 0.004 -20"><span class='ocrx_word' id='word_1_275' title='bbox 262 3399 381 3452; x_wconf 84' lang='lat' dir='ltr'><strong>adiunxit</strong></span> <span class='ocrx_word' id='word_1_276' title='bbox 407 3410 495 3454; x_wconf 89' lang='lat' dir='ltr'><strong>autem</strong></span> <span class='ocrx_word' id='word_1_277' title='bbox 520 3403 561 3454; x_wconf 88' lang='lat' dir='ltr'><strong><em>his</em></strong></span> <span class='ocrx_word' id='word_1_278' title='bbox 590 3406 667 3456; x_wconf 87' lang='lat' dir='ltr'><strong>etium</strong></span> <span class='ocrx_word' id='word_1_279' title='bbox 696 3406 878 3456; x_wconf 84' lang='lat' dir='ltr'><strong>nosocomium</strong></span> <span class='ocrx_word' id='word_1_280' title='bbox 911 3419 973 3455; x_wconf 91' lang='lat' dir='ltr'><strong>cura</strong></span> <span class='ocrx_word' id='word_1_281' title='bbox 999 3401 1126 3470; x_wconf 81' lang='lat' dir='ltr'><strong>plenum3</strong></span> <span class='ocrx_word' id='word_1_282' title='bbox 1151 3410 1244 3454; x_wconf 90' lang='lat' dir='ltr'><strong>natura</strong></span> <span class='ocrx_word' id='word_1_283' title='bbox 1276 3411 1366 3454; x_wconf 87' lang='lat' dir='ltr'><strong>autem</strong></span> 
     </span>
     <span class='ocr_line' id='line_1_33' title="bbox 262 3474 1366 3559; baseline 0.005 -38"><span class='ocrx_word' id='word_1_284' title='bbox 262 3475 442 3538; x_wconf 79' lang='lat' dir='ltr'><strong>magnanimus</strong></span> <span class='ocrx_word' id='word_1_285' title='bbox 464 3482 490 3525; x_wconf 89' lang='lat' dir='ltr'><strong><em>et</em></strong></span> <span class='ocrx_word' id='word_1_286' title='bbox 505 3475 637 3541; x_wconf 83' lang='lat' dir='ltr'><strong>regiarum</strong></span> <span class='ocrx_word' id='word_1_287' title='bbox 656 3477 798 3558; x_wconf 82' lang='lat' dir='ltr'><strong>gratiarum</strong></span> <span class='ocrx_word' id='word_1_288' title='bbox 813 3476 908 3542; x_wconf 89' lang='lat' dir='ltr'><strong>plenus</strong></span> <span class='ocrx_word' id='word_1_289' title='bbox 929 3483 955 3525; x_wconf 88' lang='lat' dir='ltr'><strong><em>et</em></strong></span> <span class='ocrx_word' id='word_1_290' title='bbox 972 3474 1122 3525; x_wconf 87' lang='lat' dir='ltr'><strong>animalium</strong></span> <span class='ocrx_word' id='word_1_291' title='bbox 1141 3476 1245 3525; x_wconf 86' lang='lat' dir='ltr'><strong>insueta</strong></span> <span class='ocrx_word' id='word_1_292' title='bbox 1263 3489 1366 3559; x_wconf 75' lang='lat' dir='ltr'><strong>genera</strong></span> 
     </span>
     <span class='ocr_line' id='line_1_34' title="bbox 263 3542 1367 3614; baseline 0.004 -20"><span class='ocrx_word' id='word_1_293' title='bbox 263 3542 391 3594; x_wconf 82' lang='lat' dir='ltr'><strong>subiectis</strong></span> <span class='ocrx_word' id='word_1_294' title='bbox 411 3559 444 3596; x_wconf 86' lang='lat' dir='ltr'><strong><em>ex</em></strong></span> <span class='ocrx_word' id='word_1_295' title='bbox 463 3547 607 3613; x_wconf 84' lang='lat' dir='ltr'><strong>peregrina</strong></span> <span class='ocrx_word' id='word_1_296' title='bbox 621 3547 785 3613; x_wconf 81' lang='lat' dir='ltr'><strong>transposuit</strong></span> <span class='ocrx_word' id='word_1_297' title='bbox 803 3556 883 3611; x_wconf 90' lang='lat' dir='ltr'><strong>terra,</strong></span> <span class='ocrx_word' id='word_1_298' title='bbox 903 3548 973 3598; x_wconf 87' lang='lat' dir='ltr'><strong>inter</strong></span> <span class='ocrx_word' id='word_1_299' title='bbox 989 3561 1057 3614; x_wconf 87' lang='lat' dir='ltr'><strong>quae</strong></span> <span class='ocrx_word' id='word_1_300' title='bbox 1076 3546 1155 3596; x_wconf 84' lang='lat' dir='ltr'><strong>etium</strong></span> <span class='ocrx_word' id='word_1_301' title='bbox 1174 3547 1318 3597; x_wconf 85' lang='lat' dir='ltr'><strong>maximum</strong></span> <span class='ocrx_word' id='word_1_302' title='bbox 1337 3549 1367 3598; x_wconf 89' lang='lat' dir='ltr'><strong><em>iu</em></strong></span> 
     </span>
     <span class='ocr_line' id='line_1_35' title="bbox 265 3613 1367 3698; baseline 0.005 -34"><span class='ocrx_word' id='word_1_303' title='bbox 265 3613 476 3698; x_wconf 80' lang='lat' dir='ltr'><strong>quadrupedibus</strong></span> <span class='ocrx_word' id='word_1_304' title='bbox 497 3614 682 3681; x_wconf 84' lang='lat' dir='ltr'><strong>elephantum,</strong></span> <span class='ocrx_word' id='word_1_305' title='bbox 714 3619 759 3684; x_wconf 90' lang='lat' dir='ltr'><strong><em>qui</em></strong></span> <span class='ocrx_word' id='word_1_306' title='bbox 777 3618 932 3670; x_wconf 85' lang='lat' dir='ltr'><strong>miraculum</strong></span> <span class='ocrx_word' id='word_1_307' title='bbox 949 3617 1087 3683; x_wconf 74' lang='lat' dir='ltr'><strong>Byzantiis</strong></span> <span class='ocrx_word' id='word_1_308' title='bbox 1117 3625 1145 3668; x_wconf 87' lang='lat' dir='ltr'><strong><em>et</em></strong></span> <span class='ocrx_word' id='word_1_309' title='bbox 1161 3619 1260 3670; x_wconf 83' lang='lat' dir='ltr'><strong>ceteris</strong></span> <span class='ocrx_word' id='word_1_310' title='bbox 1278 3618 1367 3670; x_wconf 79' lang='lat' dir='ltr'><strong>Grae-</strong></span> 
     </span>
     <span class='ocr_line' id='line_1_36' title="bbox 265 3685 1367 3757; baseline 0.006 -23"><span class='ocrx_word' id='word_1_311' title='bbox 265 3685 313 3747; x_wconf 82' lang='lat' dir='ltr'><strong>cis,</strong></span> <span class='ocrx_word' id='word_1_312' title='bbox 332 3699 442 3751; x_wconf 87' lang='lat' dir='ltr'><strong>quornm</strong></span> <span class='ocrx_word' id='word_1_313' title='bbox 460 3687 487 3735; x_wconf 91' lang='lat' dir='ltr'><strong>in</strong></span> <span class='ocrx_word' id='word_1_314' title='bbox 506 3695 677 3752; x_wconf 84' lang='lat' dir='ltr'><strong>conspectum</strong></span> <span class='ocrx_word' id='word_1_315' title='bbox 696 3689 770 3739; x_wconf 88' lang='lat' dir='ltr'><strong>venit</strong></span> <span class='ocrx_word' id='word_1_316' title='bbox 788 3692 928 3755; x_wconf 86' lang='lat' dir='ltr'><strong>transiens,</strong></span> <span class='ocrx_word' id='word_1_317' title='bbox 948 3689 1019 3740; x_wconf 89' lang='lat' dir='ltr'><strong>emit.</strong></span> <span class='ocrx_word' id='word_1_318' title='bbox 1039 3696 1081 3740; x_wconf 88' lang='lat' dir='ltr'><strong><em>est</em></strong></span> <span class='ocrx_word' id='word_1_319' title='bbox 1094 3690 1162 3740; x_wconf 88' lang='lat' dir='ltr'><strong>enim</strong></span> <span class='ocrx_word' id='word_1_320' title='bbox 1181 3691 1367 3757; x_wconf 75' lang='lat' dir='ltr'><strong>magnitudine</strong></span> 
     </span>
     <span class='ocr_line' id='line_1_37' title="bbox 264 3757 1366 3824; baseline 0.005 -19"><span class='ocrx_word' id='word_1_321' title='bbox 264 3757 407 3820; x_wconf 81' lang='lat' dir='ltr'><strong>maximus,</strong></span> <span class='ocrx_word' id='word_1_322' title='bbox 436 3757 518 3823; x_wconf 87' lang='lat' dir='ltr'><strong>pedes</strong></span> <span class='ocrx_word' id='word_1_323' title='bbox 544 3758 644 3810; x_wconf 84' lang='lat' dir='ltr'><strong>habens</strong></span> <span class='ocrx_word' id='word_1_324' title='bbox 670 3759 772 3812; x_wconf 87' lang='lat' dir='ltr'><strong>similes</strong></span> <span class='ocrx_word' id='word_1_325' title='bbox 790 3761 932 3814; x_wconf 79' lang='lat' dir='ltr'><strong>Atlanticis</strong></span> <span class='ocrx_word' id='word_1_326' title='bbox 962 3761 1103 3824; x_wconf 84' lang='lat' dir='ltr'><strong>columnis,</strong></span> <span class='ocrx_word' id='word_1_327' title='bbox 1122 3775 1200 3813; x_wconf 85' lang='lat' dir='ltr'><strong>aures</strong></span> <span class='ocrx_word' id='word_1_328' title='bbox 1218 3760 1288 3812; x_wconf 87' lang='lat' dir='ltr'><strong>nibil</strong></span> <span class='ocrx_word' id='word_1_329' title='bbox 1307 3761 1366 3813; x_wconf 83' lang='lat' dir='ltr'><strong>levi</strong></span> 
     </span>
     <span class='ocr_line' id='line_1_38' title="bbox 265 3827 1367 3899; baseline 0.004 -20"><span class='ocrx_word' id='word_1_330' title='bbox 265 3835 341 3879; x_wconf 86' lang='lat' dir='ltr'><strong>sento</strong></span> <span class='ocrx_word' id='word_1_331' title='bbox 361 3827 514 3894; x_wconf 78' lang='lat' dir='ltr'><strong>inferiores,</strong></span> <span class='ocrx_word' id='word_1_332' title='bbox 534 3838 607 3881; x_wconf 89' lang='lat' dir='ltr'><strong>motu</strong></span> <span class='ocrx_word' id='word_1_333' title='bbox 631 3831 793 3882; x_wconf 85' lang='lat' dir='ltr'><strong>inconstanti</strong></span> <span class='ocrx_word' id='word_1_334' title='bbox 821 3840 949 3899; x_wconf 90' lang='lat' dir='ltr'><strong>perpetuo</strong></span> <span class='ocrx_word' id='word_1_335' title='bbox 981 3847 1011 3883; x_wconf 87' lang='lat' dir='ltr'><strong><em>se</em></strong></span> <span class='ocrx_word' id='word_1_336' title='bbox 1029 3832 1202 3899; x_wconf 74' lang='lat' dir='ltr'><strong>proficientes</strong></span> <span class='ocrx_word' id='word_1_337' title='bbox 1225 3847 1280 3882; x_wconf 92' lang='lat' dir='ltr'><strong><em>non</em></strong></span> <span class='ocrx_word' id='word_1_338' title='bbox 1305 3834 1367 3885; x_wconf 87' lang='lat' dir='ltr'><strong>siue</strong></span> 
     </span>
     <span class='ocr_line' id='line_1_39' title="bbox 265 3900 1367 3967; baseline 0.006 -20"><span class='ocrx_word' id='word_1_339' title='bbox 265 3913 345 3948; x_wconf 87' lang='lat' dir='ltr'><strong>causa</strong></span> <span class='ocrx_word' id='word_1_340' title='bbox 363 3900 468 3967; x_wconf 86' lang='lat' dir='ltr'><strong>quidem</strong></span> <span class='ocrx_word' id='word_1_341' title='bbox 487 3902 534 3954; x_wconf 82' lang='lat' dir='ltr'><strong><em>sed</em></strong></span> <span class='ocrx_word' id='word_1_342' title='bbox 560 3911 632 3954; x_wconf 88' lang='lat' dir='ltr'><strong>metu</strong></span> <span class='ocrx_word' id='word_1_343' title='bbox 650 3918 773 3958; x_wconf 83' lang='lat' dir='ltr'><strong>muscae·</strong></span> <span class='ocrx_word' id='word_1_344' title='bbox 795 3904 911 3954; x_wconf 88' lang='lat' dir='ltr'><strong>omnium</strong></span> <span class='ocrx_word' id='word_1_345' title='bbox 933 3905 1003 3953; x_wconf 92' lang='lat' dir='ltr'><strong>enim</strong></span> <span class='ocrx_word' id='word_1_346' title='bbox 1021 3904 1192 3953; x_wconf 88' lang='lat' dir='ltr'><strong>maximorum</strong></span> <span class='ocrx_word' id='word_1_347' title='bbox 1210 3903 1367 3954; x_wconf 70' lang='lat' dir='ltr'><strong>animalium</strong></span> 
     </span>
     <span class='ocr_line' id='line_1_40' title="bbox 264 3971 1368 4039; baseline 0.007 -20"><span class='ocrx_word' id='word_1_348' title='bbox 264 3976 359 4035; x_wconf 83' lang='lat' dir='ltr'><strong>potens</strong></span> <span class='ocrx_word' id='word_1_349' title='bbox 377 3971 474 4024; x_wconf 86' lang='lat' dir='ltr'><strong>robore</strong></span> <span class='ocrx_word' id='word_1_350' title='bbox 495 3982 521 4024; x_wconf 91' lang='lat' dir='ltr'><strong><em>et</em></strong></span> <span class='ocrx_word' id='word_1_351' title='bbox 540 3974 567 4025; x_wconf 85' lang='lat' dir='ltr'><strong><em>vi</em></strong></span> <span class='ocrx_word' id='word_1_352' title='bbox 587 3989 602 4025; x_wconf 87' lang='lat' dir='ltr'><strong>a</strong></span> <span class='ocrx_word' id='word_1_353' title='bbox 622 3974 680 4025; x_wconf 89' lang='lat' dir='ltr'><strong>sola</strong></span> <span class='ocrx_word' id='word_1_354' title='bbox 691 3991 782 4026; x_wconf 87' lang='lat' dir='ltr'><strong>musea</strong></span> <span class='ocrx_word' id='word_1_355' title='bbox 798 3991 828 4026; x_wconf 83' lang='lat' dir='ltr'><strong><em>se</em></strong></span> <span class='ocrx_word' id='word_1_356' title='bbox 846 3975 920 4026; x_wconf 86' lang='lat' dir='ltr'><strong>vinci</strong></span> <span class='ocrx_word' id='word_1_357' title='bbox 939 3976 1046 4039; x_wconf 87' lang='lat' dir='ltr'><strong>patitur,</strong></span> <span class='ocrx_word' id='word_1_358' title='bbox 1065 3982 1092 4025; x_wconf 90' lang='lat' dir='ltr'><strong><em>et</em></strong></span> <span class='ocrx_word' id='word_1_359' title='bbox 1110 3983 1139 4025; x_wconf 91' lang='lat' dir='ltr'><strong>ut</strong></span> <span class='ocrx_word' id='word_1_360' title='bbox 1157 3975 1295 4027; x_wconf 83' lang='lat' dir='ltr'><strong>thoracem</strong></span> <span class='ocrx_word' id='word_1_361' title='bbox 1313 3991 1368 4027; x_wconf 84' lang='lat' dir='ltr'><strong><em>au-</em></strong></span> 
     </span>
     <span class='ocr_line' id='line_1_41' title="bbox 265 4040 1369 4130; baseline 0.008 -40"><span class='ocrx_word' id='word_1_362' title='bbox 265 4040 332 4092; x_wconf 86' lang='lat' dir='ltr'><strong>rium</strong></span> <span class='ocrx_word' id='word_1_363' title='bbox 352 4051 450 4093; x_wconf 90' lang='lat' dir='ltr'><strong>motum</strong></span> <span class='ocrx_word' id='word_1_364' title='bbox 469 4045 581 4128; x_wconf 85' lang='lat' dir='ltr'><strong>opponit</strong></span> <span class='ocrx_word' id='word_1_365' title='bbox 601 4047 635 4109; x_wconf 90' lang='lat' dir='ltr'><strong><em>ei,</em></strong></span> <span class='ocrx_word' id='word_1_366' title='bbox 656 4047 784 4128; x_wconf 86' lang='lat' dir='ltr'><strong>impetum</strong></span> <span class='ocrx_word' id='word_1_367' title='bbox 804 4045 882 4097; x_wconf 87' lang='lat' dir='ltr'><strong>huius</strong></span> <span class='ocrx_word' id='word_1_368' title='bbox 902 4061 936 4095; x_wconf 82' lang='lat' dir='ltr'><strong><em>ex</em></strong></span> <span class='ocrx_word' id='word_1_369' title='bbox 956 4044 1038 4112; x_wconf 85' lang='lat' dir='ltr'><strong>longo</strong></span> <span class='ocrx_word' id='word_1_370' title='bbox 1057 4047 1204 4130; x_wconf 63' lang='lat' dir='ltr'><strong>plissipans3</strong></span> <span class='ocrx_word' id='word_1_371' title='bbox 1222 4049 1325 4098; x_wconf 88' lang='lat' dir='ltr'><strong>etenim</strong></span> <span class='ocrx_word' id='word_1_372' title='bbox 1341 4048 1369 4099; x_wconf 82' lang='lat' dir='ltr'><strong><em>si</em></strong></span> 
     </span>
     <span class='ocr_line' id='line_1_42' title="bbox 264 4111 1372 4183; baseline 0.007 -21"><span class='ocrx_word' id='word_1_373' title='bbox 264 4111 331 4164; x_wconf 84' lang='lat' dir='ltr'><strong>clam</strong></span> <span class='ocrx_word' id='word_1_374' title='bbox 350 4129 450 4167; x_wconf 86' lang='lat' dir='ltr'><strong>musca</strong></span> <span class='ocrx_word' id='word_1_375' title='bbox 458 4117 527 4169; x_wconf 89' lang='lat' dir='ltr'><strong>intus</strong></span> <span class='ocrx_word' id='word_1_376' title='bbox 547 4117 687 4168; x_wconf 84' lang='lat' dir='ltr'><strong>intraverit</strong></span> <span class='ocrx_word' id='word_1_377' title='bbox 705 4133 795 4168; x_wconf 87' lang='lat' dir='ltr'><strong>aurem</strong></span> <span class='ocrx_word' id='word_1_378' title='bbox 817 4118 885 4179; x_wconf 88' lang='lat' dir='ltr'><strong>eius,</strong></span> <span class='ocrx_word' id='word_1_379' title='bbox 909 4129 1022 4183; x_wconf 88' lang='lat' dir='ltr'><strong>poenam</strong></span> <span class='ocrx_word' id='word_1_380' title='bbox 1043 4118 1068 4168; x_wconf 91' lang='lat' dir='ltr'><strong><em>ei</em></strong></span> <span class='ocrx_word' id='word_1_381' title='bbox 1085 4120 1224 4168; x_wconf 82' lang='lat' dir='ltr'><strong>maximam</strong></span> <span class='ocrx_word' id='word_1_382' title='bbox 1244 4126 1271 4170; x_wconf 92' lang='lat' dir='ltr'><strong><em>et</em></strong></span> <span class='ocrx_word' id='word_1_383' title='bbox 1288 4133 1372 4170; x_wconf 85' lang='lat' dir='ltr'><strong>uror</strong></span> 
     </span>
     <span class='ocr_line' id='line_1_43' title="bbox 263 4185 1368 4257; baseline 0.002 -17"><span class='ocrx_word' id='word_1_384' title='bbox 263 4191 317 4240; x_wconf 79' lang='lat' dir='ltr'><strong><em>tem</em></strong></span> <span class='ocrx_word' id='word_1_385' title='bbox 336 4185 455 4255; x_wconf 86' lang='lat' dir='ltr'><strong>imponit.</strong></span> <span class='ocrx_word' id='word_1_386' title='bbox 494 4188 575 4240; x_wconf 89' lang='lat' dir='ltr'><strong>utitur</strong></span> <span class='ocrx_word' id='word_1_387' title='bbox 593 4197 680 4240; x_wconf 88' lang='lat' dir='ltr'><strong>autem</strong></span> <span class='ocrx_word' id='word_1_388' title='bbox 700 4203 765 4240; x_wconf 87' lang='lat' dir='ltr'><strong>nare</strong></span> <span class='ocrx_word' id='word_1_389' title='bbox 784 4197 909 4257; x_wconf 86' lang='lat' dir='ltr'><strong>quantum</strong></span> <span class='ocrx_word' id='word_1_390' title='bbox 928 4187 1007 4240; x_wconf 87' lang='lat' dir='ltr'><strong>etiarn</strong></span> <span class='ocrx_word' id='word_1_391' title='bbox 1026 4203 1112 4240; x_wconf 90' lang='lat' dir='ltr'><strong>muuu</strong></span> <span class='ocrx_word' id='word_1_392' title='bbox 1151 4197 1192 4242; x_wconf 82' lang='lat' dir='ltr'><strong><em>est</em></strong></span> <span class='ocrx_word' id='word_1_393' title='bbox 1210 4192 1281 4241; x_wconf 87' lang='lat' dir='ltr'><strong>euim</strong></span> <span class='ocrx_word' id='word_1_394' title='bbox 1299 4191 1368 4242; x_wconf 88' lang='lat' dir='ltr'><strong><em>lou</em></strong></span> 
     </span>
    </p>
   </div>
   <div class='ocr_carea' id='block_1_5' title="bbox 0 0 1492 4825">
    <p class='ocr_par' dir='ltr' id='par_1_5' title="bbox 0 0 1492 4825">
     <span class='ocr_line' id='line_1_44' title="bbox 0 0 1492 4825; baseline 0 0"><span class='ocrx_word' id='word_1_395' title='bbox 0 0 1492 4825; x_wconf 95' lang='lat' dir='ltr'><strong><em> </em></strong></span> 
     </span>
    </p>
   </div>
  </div>
 </body>
</html>
