2967 4825
423 358 427 364 .
559 269 767 345 numus.
1137 268 1228 347 ιιι·

116 431 145 501 ολ
169 438 340 519 Ῥαμαίοι,
370 438 606 522 προηγουμένου
642 440 696 504 καί
724 442 964 524 μισθοφορικοδ
984 436 1047 505 οὖν
1067 436 1211 523 M,

115 541 272 621 παρῆλθον
291 537 366 613 τοδς
390 540 567 622 μηνοειδεῖς
590 537 727 615 ἐκείνους
750 539 893 622 α’γκιδνας
917 539 973 606 ταί
992 538 1127 607 κατδπιν
1143 544 1213 624 trs·

113 633 216 722 νοντα,
240 634 334 721 λδχος
364 636 536 722 Τοσρκικὸς
573 640 752 724 καθήμενος
784 638 825 705 ἐνλ
848 640 955 730 α’δηλτρ
984 644 1021 729 τῇ
1048 641 1212 728 Ῥωμαϊκῇ

114 738 293 827 παρεμβολῇ
317 744 569 825 προσεπέλασαν,
605 742 640 806 ἐν
667 744 733 805 osta·
754 742 870 826 ὀλίγοις
899 739 1045 827 α’νδριῖσο
1063 766 1214 827 παραμε-

92 838 299 924 expedenda·
352 836 409 917 οδς
433 838 469 920 ,οἱ
499 848 773 930 παραληφθέντες
803 846 848 919 είς
875 842 1023 930 φυλακην
1051 845 1211 930 στρατινῖ·

114 964 165 1006 ται
195 942 383 1025 δεξάμενοι,
416 941 478 1025 apd
498 942 621 1010 πάντων
642 947 671 1008 δ’
691 942 722 1010 οἱ
748 942 911 1031 Φροῖγγοι,
943 948 998 1013 καί
1017 944 1211 1032 ἀγχεμάχοις

111 1045 339 1125 συμπλακέντες
366 1047 422 1107 καί
439 1040 557 1119 ἱκανῶς
590 1046 881 1131 οἷνδαμιλληδέντες
903 1050 1088 1132 ἐτρέψαντο,
1108 1049 1210 1135 μηδο-

111 1142 158 1220 νές
178 1147 241 1211 τοδν
263 1142 441 1227 ἱσταμένων
460 1149 628 1231 ταγμάτων
644 1148 831 1230 Ῥωμαϊκῶν
852 1158 920 1224 τοῖς
937 1148 1094 1234 Φράγγοις
1111 1149 1209 1235 μέχρι

110 1244 162 1311 καί
182 1245 284 1331 αἰιλῆς
305 1245 406 1331 ὁρμῆς
429 1250 745 1334 παραβοηθησαττος.
790 1253 824 1315 ἐκ
852 1246 954 1339 codro
988 1252 1024 1315 δλ
1052 1246 1208 1336 ἐπίστρε-

75 1354 166 1431 iopes
196 1348 214 1413 o‘
236 1351 387 1431 βασιλεδς
419 1353 475 1434 τῆς
495 1349 651 1429 διώξεως·
703 1350 781 1436 πρὸς
809 1348 947 1435 ἑσπέραν
977 1350 1040 1437 γὰρ
1060 1343 1119 1436 η’ν,
1139 1354 1211 1419 ἐπεί

109 1454 160 1516 ταί
178 1448 195 1516 δ
216 1456 354 1532 πόλεμος
376 1456 451 1535 περί
463 1455 570 1536 δειλην
592 1452 692 1535 ὀψίαν
702 1452 881 1536 συνίστατο,
905 1454 1010 1538 ἠρέμα
1030 1459 1089 1521 τοῦ
1107 1480 1207 1539 στρα-

108 1553 237 1616 τοπέδοσ
259 1553 445 1633 βαδίζοντος
466 1552 620 1637 πρότερον
633 1556 688 1618 καί
708 1558 909 1637 περιέποντος
923 1553 998 1631 τούς
1019 1555 1207 1623 ἀσθενεστέ-

110 1674 182 1736 ρους
203 1656 259 1719 παι·
278 1652 394 1735 nocete
418 1652 471 1717 διαὶ
496 1655 554 1738 τήν
573 1660 632 1720 τοῦ
655 1657 795 1737 πολέμου
817 1659 1028 1741 προσδοκίαν,
1054 1656 1097 1735 ιδς
1119 1654 1207 1743 παρὰ

107 1759 167 1818 τῶν
182 1758 309 1819 σκοποῦν
324 1754 547 1839 (ἐπηγγέλλετο.
603 1760 641 1845 τῇ
676 1759 705 1820 δ’
726 1755 880 1842 ἐπαύριον
907 1758 1042 1846 δημοσίᾳ
1071 1762 1208 1833 καθίσας
1217 1769 1236 1824 i.
1256 1769 1307 1828 192
1317 1786 1346 1827 r.

74 1854 180 1930 ίλτοδς
199 1850 381 1932 ἑαλωκότας
399 1860 461 1921 τῶν
480 1861 640 1939 πολεμίων
659 1861 782 1923 κατεῖδε
797 1856 858 1923 καδ
869 1861 909 1945 τῇ
921 1864 1085 1949 τελευταίᾳ
1106 1858 1207 1947 ψηφρ

109 1952 237 2031 τούτους
260 1959 482 2041 παραδοθῆναι
500 1962 683 2041 προσέταξε,
704 1960 841 2043 μηδευδς
861 1956 896 2024 sd
917 1957 1069 2043 παράπαν
1092 1955 1209 2047 φασδ·

107 2068 204 2139 μενος,
224 2055 297 2141 μήτ’
320 2062 422 2124 ου’τοιῖ
441 2061 497 2144 τοῦ
515 2058 572 2143 τὴν
584 2055 773 2145 ἡγεμονικὴν
794 2058 969 2143 αδχοῦνιος
989 2058 1207 2147 λαμπρότητα.

109 2153 141 2234 ὃς
161 2159 216 2225 καί
230 2154 294 2224 dno*
316 2162 371 2243 τῆς
393 2163 528 2243 ἐσθῆτος
543 2164 803 2245 (λαμπρειμοναῖκ
817 2160 879 2245 γοὶρ
895 2154 934 2245 ἢν
955 2165 989 2227 ἐν
1012 2170 1078 2237 τοῖς
1101 2156 1226 2251 δ’κλοιςΥ

109 2259 160 2323 καί
178 2266 217 2350 τῇ
253 2255 333 2349 ἄλλη
356 2266 471 2349 σκευῇ)
504 2266 717 2346 ἐμαρτυρεῖτο
748 2267 907 2345 τοιοῦτος,
941 2264 971 2329 εί
1001 2267 1056 2329 καί
1085 2266 1210 2329 πολλιδν

71 2355 225 2448 λδλδτραν
246 2358 363 2430 ἑαυτὸν
386 2357 478 2429 ὤνιον
505 2364 703 2449 ποιήσασθαι
723 2362 942 2452 ἐπηγγέλλετο,
962 2366 1016 2432 καί
1031 2366 1210 2449 ‘Postumiana

108 2462 333 2546 αἰχμαλώτους
354 2461 472 2557 &autori
494 2466 676 2531 οέυτιδοῦναι
691 2471 736 2555 api
754 2465 871 2552 πλήθει
891 2465 1034 2544 πολλούς.

206 2564 449 2653 Τριημερεδσας
465 2570 494 2633 δ’
516 2570 551 2634 ἐν
567 2571 607 2658 τῇ
630 2572 820 2654 παρεμβολῇ
841 2567 858 2633 δ
881 2567 1043 2653 βασιλεύς,
1063 2571 1107 2658 τῷ
1128 2585 1210 2653 apos

107 2667 261 2754 ιερήματι
282 2669 381 2759 τοδτρ
413 2669 508 2756 κόρου
539 2675 639 2757 δῆθεν
669 2669 778 2754 λαβοδυ
800 2662 822 2757 ἢ
843 2677 1065 2760 μεγαλαυχῶν,
1090 2670 1211 2758 πολλὴν

107 2975 171 3027 rum,
193 2959 398 3031 praeteriissent
417 2960 525 3015 lunares
544 2959 712 3015 tltasvaltes
732 2968 759 3013 et
779 2968 842 3029 post
860 2975 906 3014 eos
927 2961 1075 3028 venisseut,
1092 2961 1208 3015 insidiae

108 3034 249 3087 Turcarum
268 3035 428 3086 constitutae
446 3036 474 3085 in
493 3034 607 3086 obscuro
629 3033 737 3086 Graecis
766 3033 865 3086 castris
880 3034 1134 3102 appropinquarunt,
1153 3049 1215 3094 non,

106 3119 250 3172 paucorum
269 3105 550 3170 bominum‘nurnero,
576 3120 642 3173 quos
667 3105 756 3157 rolicti
774 3106 802 3156 in
818 3106 951 3172 pracsidio
975 3105 1076 3158 milites
1103 3107 1209 3172 excipi.

108 3186 195 3242 entes,
226 3186 288 3229 ante
323 3193 416 3230 omnes
447 3185 536 3230 autem
560 3177 655 3229 Franci
684 3184 712 3227 et
736 3177 857 3228 cominus
882 3177 915 3227 iis
943 3177 1060 3227 conserti
1089 3185 1116 3228 et
1144 3178 1208 3229 satis

108 3257 240 3301 certantes
266 3257 406 3301 verterunt
428 3251 457 3300 in
488 3249 592 3317 iugum,
618 3247 694 3299 nullo
718 3249 876 3299 adstantium
902 3247 1021 3298 ordinum
1047 3247 1208 3300 Graecorum

106 3320 213 3373 inaneis
239 3337 274 3372 ne
310 3322 343 3372 ad
373 3321 521 3388 simplicem
553 3321 659 3390 quidem
690 3321 816 3387 impetum
847 3317 948 3370 auxilio
977 3320 1113 3370 veniente.
1163 3320 1208 3370 iu-
1274 3343 1278 3354 =

106 3400 178 3444 terea
195 3403 285 3445 auteur
303 3408 429 3445 reversus
449 3403 490 3445 est
508 3409 557 3445 rex
574 3409 590 3444 a
610 3393 815 3460 persecutione;
834 3389 882 3443 sub
893 3405 1035 3457 vesperum
1049 3391 1119 3441 cuius
1139 3399 1206 3444 erut·

106 3479 162 3516 cunr
182 3467 263 3516 etiam
282 3464 383 3517 belluna
404 3456 476 3517 circa
494 3480 637 3531 vesperum
653 3465 831 3515 consisteret:
860 3463 950 3530 quiete
975 3463 1094 3514 exercitu
1113 3462 1208 3529 ingre.

106 3537 193 3588 dicate
210 3544 292 3588 antea
310 3544 337 3586 et
355 3545 465 3589 curante
483 3536 644 3588 infirmiores
671 3544 697 3587 et
722 3535 827 3602 pedites
851 3542 960 3601 propter
978 3532 1044 3584 belli
1063 3541 1207 3600 exspecta.

106 3609 224 3674 tionum,
250 3617 280 3660 ut
303 3623 320 3658 a
337 3607 551 3676 specuiatoribus
569 3607 747 3659 nuntiabatur.
791 3605 902 3659 Postero
930 3612 1017 3657 autem
1036 3606 1079 3657 dio
1098 3603 1207 3671 publice

28 3725 33 3738 ,
107 3681 270 3732 constituens
296 3689 388 3746 captos
409 3679 501 3732 bostes
529 3679 710 3731 consideravit
738 3685 765 3730 et
789 3678 899 3730 ultimae
924 3678 1072 3730 sentcntiae
1089 3676 1207 3728 iudicum

106 3753 171 3804 tradi
190 3753 279 3816 iussit,
297 3752 398 3802 nemini
418 3751 525 3802 omniuo
540 3761 656 3818 'parcens
675 3765 765 3818 neque
789 3751 842 3816 ipsi
860 3749 1059 3816 imperatorium
1078 3747 1208 3816 apiendo.

105 3839 159 3874 rem
177 3824 304 3888 iactanti,
328 3825 373 3890 qui
400 3825 506 3891 quidem
532 3825 611 3874 etiam
630 3823 730 3873 vestitu
759 3821 914 3889 (splendide
932 3821 1002 3872 eninr
1022 3828 1078 3872 erat
1095 3819 1208 3873 vestitus

106 3895 132 3944 in
151 3896 232 3947 armis
255 3903 283 3947 et
300 3894 407 3962 reliquo
427 3900 569 3964 apparatu)
589 3891 756 3960 indicabatur
775 3892 847 3956 talis,
865 3923 900 3936 -
918 3890 984 3943 licet
1000 3907 1030 3944 εο
1047 3891 1138 3943 multis
1156 3905 1208 3958 pe.

107 3968 191 4018 cuniis
211 3982 242 4019 se
260 3967 439 4018 redemtumm
466 3967 635 4034 promitteret
658 3971 686 4016 et
705 3965 822 4017 Graecos
841 3964 962 4030 captiuos
981 3966 1022 4014 sui
1046 3962 1209 4016 redditumsu

106 4052 216 4091 umero
235 4038 342 4093 multos.

204 4127 269 4180 ibes
294 4127 459 4180 autemdicit
482 4133 605 4180 uersatus
630 4126 659 4177 in
683 4125 777 4177 castris
802 4137 852 4175 rex
868 4124 984 4176 uictoria
1009 4122 1059 4174 huc
1078 4121 1208 4192 superbas

106 4198 164 4253 tire
186 4201 290 4253 iactans
307 4216 338 4254 se
354 4199 463 4254 multam
488 4201 658 4254 securitatem
676 4196 799 4266 praebuit
816 4196 935 4250 hostibus
955 4195 986 4260 ad
1005 4196 1104 4264 iugari,
1123 4195 1161 4248 ita
1177 4201 1209 4248 at
