2967 4825
274 196 326 299 'to'
567 216 785 315 menimis
817 214 1075 287 immoror

275 389 534 454 συνανελθόκτοον
569 384 667 471 τοότρι
705 385 751 459 είς
780 380 820 448 τά
856 384 1014 467 άνάκτορα
1041 378 1095 445 καί
1125 364 1381 463 συμβασιλεάειν

274 491 496 573 γεγενημένων,
517 478 563 551 άν
584 487 621 551 tt
641 484 721 566 μετά
742 483 800 569 την
821 484 988 565 βασιλείαν
1007 486 1220 566 γεννηθέντων
1242 478 1298 543 καί
1316 479 1377 542 αό-

274 589 422 675 τόχρημα
443 590 601 672 βασιλέων
619 586 878 669 άναόειχθέντοιν
892 587 949 651 καί
966 585 1005 673 τῇ
1022 584 1200 669 πορφυρίδι
1220 578 1300 646 κατά
1323 578 1381 644 τόν

227 765 230 770 r
274 694 338 757 τάν
354 686 521 772 Ῥωμαίων
541 685 676 769 ἐθισμόν
699 688 993 768 συναναόοθέντων,
1015 688 1071 751 καί
1091 687 1146 749 τοῦ
1167 684 1223 767 τῆς
1244 676 1381 765 Atyoc-

275 815 348 876 οτης
371 795 407 857 όν
429 792 600 877 εἀριζοόση
628 791 668 877 τῇ
699 786 804 875 ἡλικίη
833 779 969 870 ἄνθους,
998 787 1036 849 ori
1070 781 1169 857 πολός
1191 782 1280 870 λόγος
1301 782 1408 847 οάόὲ5

273 892 453 975 παράθεσις
472 889 553 973 πρός
580 888 637 974 την
660 892 722 953 τεόν
745 888 966 967 ἀντικειμένων
996 885 1130 953 τουτωνί
1149 880 1300 965 ἅμιλλαν.
1343 882 1379 947 τὸ

254 991 311 1058 ‘oi
331 994 377 1068 εἰς
399 988 503 1056 κοινόν
524 980 599 1074 ἧκον
621 982 733 1076 ὄφελος
756 990 936 1067 ἐξεταστέον
962 988 1004 1063 τός
1026 987 1278 1070 προόιείληπται.
1320 984 1381 1064 τῆς
1408 1026 1413 1033 -

273 1098 334 1176 μέν
354 1090 415 1177 γάρ
441 1093 553 1167 κακίας
584 1092 686 1157 ταῦτα
716 1092 876 1173 ἐπίχειρα.
920 1088 1000 1154 κατὰ
1027 1090 1086 1169 μὲν
1106 1083 1165 1167 την
1184 1081 1268 1149 ἓιόαν
1292 1085 1383 1167 ε’ληί-

274 1198 366 1275 ζοντα
388 1190 491 1259 πάντα
511 1196 567 1257 καί
590 1195 817 1278 διεφθείροντο.
851 1195 890 1276 τῇ
913 1191 948 1253 δὲ
968 1192 1030 1255 ταῖν
1053 1188 1267 1273 Νεφθαλιτάτ
1292 1180 1382 1251 Οὕν-

271 1320 336 1374 νων
355 1288 425 1380 ἤτοι
439 1297 504 1360 τῶν
525 1290 675 1377 Τοόρκων
688 1293 847 1378 ἐπιδρομῇ
864 1294 919 1356 καί
932 1288 1130 1372 κατισχύσαι,
1151 1286 1206 1353 καί
1226 1290 1267 1373 τῇ
1287 1289 1381 1372 βιαίᾳ
1393 1298 1427 1353 1o

272 1392 479 1480 όπσχωρήσει
502 1397 557 1459 καί
578 1396 703 1475 δείματι
726 1394 790 1457 τοῖν
813 1392 1019 1476 ἠμελημένων
1040 1388 1244 1474 στρατιωτῶν
1265 1387 1301 1451 ε’κ
1319 1388 1382 1449 τοῦ

268 1496 450 1577 Ῥωμαϊκοῦ
465 1490 654 1578 καταλόγου,
676 1491 730 1559 καί
753 1502 896 1575 συνεχεῖς
912 1492 1059 1575 ὑπῆρχον
1079 1488 1112 1555 αἱ
1136 1488 1301 1571 ἐκόρομαί.
1325 1489 1383 1551 καί

179 1596 186 1610 “
273 1595 478 1684 ηἐάόαίμων
505 1596 600 1679 χοόρα
626 1599 681 1679 τῆς
706 1594 846 1678 Ἰβηρίας
874 1596 1034 1667 παντελῶς
1068 1588 1294 1675 κατηρείττοοτο,
1316 1581 1380 1671 ἤδη

273 1702 583 1783 προκατειργασμένη
607 1692 651 1772 σός
673 1693 811 1776 εἴπομεν.
862 1692 1102 1775 μετελάμβανον
1133 1694 1167 1757 tt
1189 1693 1248 1755 τοῦ
1271 1690 1381 1755 cervos

274 1796 330 1863 καί
348 1791 424 1862 όσαι
450 1793 557 1885 ταότῃχ
582 1801 788 1879 παρέκειντο,
816 1798 1053 1875 Μεσοποταμία
1083 1816 1117 1859 τε
1152 1793 1208 1857 καί
1237 1788 1382 1879 Χαλόία,
1394 1809 1428 1862 15

276 1898 441 1982 Μελιτηνη
463 1900 517 1963 καί
538 1895 706 1965 Κολάνεια
727 1896 783 1961 καί
802 1894 839 1962 τά
862 1899 905 1983 τῷ
926 1894 1084 1984 Εόφράτη
1108 1898 1297 1977 συγκείμενα
1321 1886 1395 1957 πο-Ι

274 2001 381 2083 ταμῷ·
424 1996 480 2063 καί
507 1998 538 2062 εί
567 1997 611 2081 μη
645 1995 884 2079 στρατεύμασιν
915 1999 1031 2077 ἐνίοτε,
1049 2000 1168 2077 μᾶλλον
1197 1997 1232 2059 δὲ
1255 1991 1383 2080 φήμαις

222 2109 224 2112 ’
275 2095 443 2179 δυνάμεων
465 2097 692 2184 όιείργσντοτά
710 2100 773 2163 τῶν
790 2094 978 2182 βαρβάρων,
1000 2100 1113 2173 καίτις
1137 2090 1277 2181 ἀρχηγός
1299 2097 1381 2160 roai-

273 2224 337 2265 των
358 2200 594 2286 Χαροσάλαρις
616 2194 700 2264 οότω
725 2198 899 2284 λεγόμενος,
926 2200 1031 2284 ἕτερος
1054 2202 1089 2265 δὲ
1110 2199 1299 2283 Ζαμοάχης,
1320 2197 1382 2282 την

232 2289 237 2297 “
273 2294 358 2386 ἥττω
382 2300 601 2384 συμβαλόντες
630 2300 716 2389 τάχη
747 2301 809 2373 τινί
836 2299 943 2389 α’γαθῇ
970 2300 1206 2386 ἐκληρώσαντο,
1235 2292 1295 2364 κάν
1324 2303 1430 2373 καίγο

273 2405 372 2486 μέχρι
393 2403 557 2479 Γαλατίας
593 2402 648 2469 καί
668 2397 860 2487 Ὁνωριάόος
883 2401 938 2468 καί
967 2402 1069 2486 αότῆς
1093 2404 1237 2486 Φρυγίας
1261 2400 1297 2467 τό
1323 2404 1382 2468 α’ν·

273 2505 404 2571 τίπαλον
431 2508 636 2590 περιέδραμε.
690 2508 743 2569 καί
778 2499 828 2569 ότι
865 2507 925 2585 μέν
969 2503 1105 2589 α’νάγκης
1136 2504 1381 2589 κατεπειγούσης

271 2606 436 2675 εὀτέλλετο
457 2603 697 2690 στρατιωτικόν,
724 2607 782 2670 oria
804 2603 866 2670 άπὸ
888 2605 1025 2690 τρόπου·
1081 2599 1128 2669 ὅτι
1152 2607 1187 2670 (λέ
1206 2601 1305 2686 ψιλόν
1325 2607 1384 2670 καί

345 2782 371 2834 5.
391 2783 571 2856 ιυερριςοισ.
590 2782 621 2837 c.
679 2765 684 2778 '

275 2935 365 3002 beris,
385 2953 498 3007 qnorum
515 2939 563 2990 alii
583 2940 682 3006 privati
701 2939 822 2993 homines
842 2957 901 2990 cum
920 2939 972 2992 hoc
991 2941 1018 2991 in
1036 2942 1138 3008 regiam
1157 2926 1335 2994 ascenderant
1355 2949 1384 2994 et

276 3011 441 3078 principatus
469 3011 613 3078 participes
642 3011 705 3063 iacti
730 3019 813 3075 erant,
843 3011 890 3062 alii
916 3013 1028 3078 irnperio
1051 3021 1161 3080 accepto
1179 3014 1236 3064 nati
1256 3021 1284 3065 et
1304 3014 1382 3081 illico

177 3078 181 3095 ¹
275 3097 356 3149 reges
381 3079 508 3134 declarati
528 3091 560 3134 ‚et
584 3099 705 3153 purpura
730 3099 763 3134 ex
782 3083 942 3134 Graecorum
966 3099 1039 3135 more
1059 3086 1149 3136 donati
1169 3093 1253 3150 erant,
1275 3093 1303 3136 et
1319 3085 1382 3138 flori

275 3153 415 3220 Augustae
435 3156 582 3207 iuventutis
602 3171 651 3206 ver
670 3156 803 3223 degentis,
824 3156 994 3210 nonmultu's
1015 3165 1071 3206 erat
1090 3171 1176 3208 sermo
1196 3173 1286 3225 neque
1306 3172 1383 3208 com.

275 3226 379 3292 paratio
391 3242 451 3276 cum
461 3227 643 3293 oppositorum
662 3227 756 3277 horum
770 3229 922 3278 certamine.
961 3228 989 3277 in
1009 3243 1172 3279 communem
1187 3237 1275 3280 autem
1287 3231 1383 3280 socie.

274 3303 355 3349 tatem
374 3313 444 3366 quae
464 3298 624 3372 renuntiaret
641 3297 742 3350 utilitas
762 3299 974 3366 investigandum
994 3307 1022 3350 ut
1043 3309 1121 3352 antea
1139 3300 1310 3352 diiudicatum
1336 3303 1382 3352 sit.

274 3369 451 3435 improbitatis
471 3371 541 3421 enim
559 3370 626 3422 haec
646 3377 687 3422 est
704 3385 806 3436 poena:
829 3371 971 3422 inoriente
990 3372 1095 3439 quidem
1109 3371 1279 3438 rapiebantur
1292 3373 1384 3423 omnia

276 3449 303 3492 et
325 3441 492 3509 delebantur,
511 3440 722 3494 Nentbaiitarum
750 3450 837 3492 autem
856 3441 1010 3492 Hunnorum
1035 3443 1094 3494 sive
1114 3443 1255 3494 Turcarum
1286 3444 1403 3501 incur-¹

275 3513 352 3564 sione
372 3521 399 3563 et
416 3513 516 3563 virtute
528 3519 554 3564 et
567 3511 666 3564 'coacta
680 3513 744 3580 fuga
764 3521 790 3564 et
803 3514 897 3563 timore
916 3513 1101 3582 neglectorum
1119 3513 1232 3564 militum
1252 3529 1383 3583 ograeeo

275 3581 384 3634 delectu
412 3584 490 3633 etiam
519 3585 638 3634 continui
668 3583 846 3650 suppetebant
871 3586 1005 3651 impetus,
1038 3593 1064 3636 et
1088 3585 1166 3637 beata
1184 3592 1256 3636 terra
1274 3586 1383 3638 iberiae

275 3654 383 3703 omnino
405 3652 506 3704 afflicta
524 3662 573 3717 est,
592 3657 643 3704 iam
663 3664 741 3707 antea
762 3655 884 3706 confecta
908 3663 938 3706 ut
962 3656 1083 3708 diximus.
1122 3658 1266 3723 participes
1292 3667 1383 3708 autem

275 3724 391 3789 periculi
410 3732 485 3776 erant
504 3725 582 3776 etiam
601 3735 733 3794 quotquot
750 3727 812 3778 huic
833 3726 1005 3791 adiacebant,
1029 3729 1222 3795 Mesopotamia
1250 3737 1277 3780 et
1296 3729 1383 3783 Chal.

228 3851 231 3861 ,
256 3793 257 3796 ’
275 3795 357 3858 daea,
383 3795 511 3855 Melitene
530 3805 557 3847 et
576 3796 712 3862 Colonea,
747 3807 773 3850 et
792 3814 860 3866 quae
880 3798 1007 3864 Euphrati
1027 3799 1110 3851 fluvio
1132 3800 1275 3851 coniuncta
1294 3810 1381 3852 erant.

275 3874 356 3933 atque
382 3867 435 3918 nisi
462 3869 623 3922 exercitibus
647 3885 846 3939 nonnunquam,
875 3872 959 3938 magis
988 3879 1075 3921 autem
1095 3872 1163 3924 sama
1181 3874 1279 3924 virium
1300 3888 1383 3924 arce.

275 3945 369 3988 rentur
391 3937 497 3990 barbari
528 3949 555 3991 et
578 3942 631 3992 dux
654 3941 752 4010 aliquis
778 3941 872 3992 borum
892 3940 1076 3996 Chorosalaris
1096 3946 1135 3997 sic
1154 3945 1240 3996 dictus
1260 3953 1287 3996 et
1310 3944 1382 3996 alius

275 4007 423 4064 zsmuctes
451 4013 591 4079 congressi
615 4013 685 4064 bona
711 4014 818 4064 fortuna
845 4013 1002 4066 inferiorem
1030 4023 1130 4080 partem
1160 4017 1247 4067 sortiti
1278 4025 1381 4080 essent,

175 4120 181 4125 ,
275 4079 398 4147 profecto
428 4084 506 4133 etiam
530 4100 615 4152 usque
641 4085 674 4135 ad
698 4085 827 4138 Galatiam
854 4093 880 4136 et
899 4085 1056 4138 Onariadem
1082 4095 1108 4138 et
1133 4088 1216 4153 ipsam
1235 4086 1383 4158 Phrygiam

274 4151 368 4230 beatos
385 4155 572 4208 accurrissent.
610 4163 690 4226 atque
710 4158 781 4226 quod
798 4157 960 4211 necessitate
979 4166 1092 4227 urgente
1102 4159 1287 4214 instrueretur
1295 4176 1381 4214 exer-
