2967 4825
336 257 357 299 Ο

554 289 763 362 maronia.
1129 283 1199 357 107

201 466 417 547 Ὑποστρέψας
439 456 506 532 σόνΙ
520 464 642 529 ἐκεῖθεν
668 450 714 539 εἰς
733 465 791 549 τήν
813 432 1203 549 Σιβόστηνόνμητρόπο-

112 566 289 653 λιν,προότην
303 560 431 649 Ιἄγοντος
445 567 502 631 τοῦ
522 564 696 649 ότκωβριόα
710 564 818 651 μηνός,
839 564 893 630 καί
908 558 1131 653 διαναπαύσας
1151 552 1206 625 τόν

112 659 240 751 στρατόν
268 665 302 733 ἒν
329 668 443 749 μόναις
471 666 605 752 ἡμέραις
630 671 748 754 τρισίν,
772 652 869 753 ’,ὅροις
898 664 1023 731 ἐκεῖθεν
1049 665 1105 747 τῆς
1127 658 1204 746 πρός
1282 675 1288 681 ’

97 774 226 856 ’Συρίαν
246 763 384 853 όγσόσης
404 767 517 851 εἴχετο,
538 770 594 833 καί
607 768 659 834 διό
683 774 747 834 τῶν
767 773 821 854 τῆς
840 770 1029 833 Κοσκοοσοό
1052 760 1204 829 αόλοόνων

90 878 161 945 5καί
180 867 448 949 δοσδιεξοδεότων
478 870 632 953 ἀτραπῶν
653 873 698 956 ειζς
720 874 751 936 Γ
750 874 953 955 ερμπνίκειοιν
978 862 1139 940 καταστάς
1160 864 1205 939 είς

110 977 142 1041 τό
165 977 248 1055 δόμοι
270 974 304 1037 τὸ
329 970 521 1052 καλεόμενον
540 970 661 1055 Τελοόχ
684 975 772 1059 παρό
792 979 858 1048 τοῖς
879 973 1052 1054 Ἀρμενίοις
1072 962 1205 1049 εἰοβόλ·

111 1085 162 1161 λετ,
182 1076 334 1158 πρότερον
356 1072 414 1136 οόκ
430 1072 537 1155 όλίγην
558 1074 793 1156 ἀποτεμόμενος
812 1075 960 1161 φάλαγγα
978 1063 1204 1155 στρατιωτικὴν

109 1177 182 1260 μετό
203 1174 504 1257 σονταγματόρχοσ,
529 1173 585 1238 καί
605 1174 650 1250 εἰς
671 1172 857 1259 Μελιτηνὴν
878 1176 1043 1253 ἐκπέμψας
1064 1164 1115 1231 ἀπό
1137 1189 1205 1249 φα-

110 1281 182 1365 tarr}
203 1280 266 1360 τιόν
286 1278 342 1358 τῆς
363 1269 443 1349 ἓοόός
478 1276 629 1357 θεμότων
649 1279 705 1341 κατ’
724 1276 913 1342 ἀντιπιωσει
932 1275 995 1338 τοόν
1016 1266 1117 1335 tactos
1138 1263 1205 1332 τότε
1279 1335 1283 1339 ,

76 1374 423 1465 ιοπροσεφεδρεσόνιων
452 1380 597 1461 ἐχθροῖν,
631 1367 676 1441 ὧν
709 1371 808 1462 ἦρχεν
842 1375 921 1461 ἀνὴρ
954 1373 1133 1455 πανοῦργος
1153 1365 1208 1431 κατ’

109 1479 245 1563 μάχιμος
283 1479 416 1560 ἀνόματι
451 1478 671 1559 Αόσινόλιος,
703 1478 757 1542 διὰ
791 1483 885 1543 rodco
916 1474 976 1559 γάρ
1002 1473 1018 1536 ό
1054 1464 1235 1554 βασιλεόςί.
1248 1475 1299 1555 188
1315 1488 1342 1528 κ.

109 1582 182 1663 μετὰ
204 1584 269 1645 των
288 1580 394 1663 λόχων
424 1582 478 1645 καί
509 1582 654 1662 λοχαγῶν
679 1578 733 1642 καί
754 1578 829 1654 τούς
860 1572 1002 1651 ἅπαντας
1028 1567 1207 1657 wrdyyova
1385 1454 1464 1677 s

111 1674 226 1766 ἄνδρας
247 1678 436 1765 αἱμοχαρεῖς
461 1684 515 1746 καί
538 1678 748 1763 πολεμικοός,
770 1684 813 1768 τῷ
833 1678 995 1764 στρατηγῷ
1011 1674 1128 1741 τουτωῒ
1143 1694 1208 1736 πα-

111 1785 305 1866 ραδέδωκεν,
327 1786 378 1869 ἀφ’
401 1774 428 1872 ᾧ
449 1785 488 1847 δι’
512 1783 614 1867 ἁδρός
636 1781 801 1864 δυνάμεως
822 1783 1039 1866 περιγίνεσθαι
1067 1778 1127 1842 rori
1147 1794 1208 1837 πο-
1290 1844 1295 1849 ‚

76 1888 200 1965 ιρλέμοα
227 1880 410 1969 ἀλλόφυλος
435 1887 622 1967 ἐπιγένοιτο,
669 1884 737 1947 ἀλλ’
771 1876 940 1957 advocatu
973 1873 1140 1962 εόθαρσοός
1164 1878 1210 1950 εἰς

113 1977 191 2063 ἅπαξ
222 1988 280 2047 καιΙ
302 1986 501 2070 ἀφιλοτίμως
528 1983 730 2069 χρησόμενος
752 1985 796 2071 τῷ
826 1982 926 2067 καιρῷ
947 1980 1001 2043 καί
1021 1984 1084 2053 τοίς
1106 1972 1211 2061 πρόγε
1242 2060 1244 2076 ,

110 2112 202 2169 μασι,
222 2087 341 2169 μικροῦ
360 2090 404 2172 τῷ
424 2090 553 2168 βασιλεῖ
573 2087 706 2150 διπλοῦν
729 2086 876 2165 πόλεμον,
896 2080 1119 2167 ὑστερουμένῳ
1141 2098 1211 2143 τοι-

75 2212 79 2216 ’
113 2188 204 2272 αότης
226 2190 383 2270 στρατιαῖς
405 2182 645 2270 μαχιμωτάτης,
666 2188 739 2251 ἀνθ’
763 2185 868 2254 όπλσό
890 2182 1086 2267 προεξόνησε.
1130 2184 1211 2242 πολ-

112 2286 195 2364 λότις
214 2288 278 2372 γάρ
294 2290 559 2371 προκαλουμένων
580 2284 677 2352 αὐτόν
691 2288 755 2351 τῶν
774 2284 991 2369 ε’χθροόν,’και’
1011 2279 1056 2365 μη
1078 2277 1223 2345 ἑνιαίαν--

76 2391 159 2466 λλιος
182 2392 300 2470 ἐξιέναι
323 2382 380 2454 τοῦ
401 2379 515 2464 ἄστεος
551 2390 606 2473 τῆς
629 2390 807 2473 Μιλιτηνῆς
833 2388 937 2450 καιτοι
963 2385 1027 2448 τῶν
1048 2404 1211 2465 στρατια-

111 2497 169 2558 τόν
191 2494 541 2577 προθαμοπσιοσμένων
566 2491 674 2566 αότοῖς
687 2493 937 2568 ἀντοπσξελθεῖν,
956 2483 1000 2560 τός
1017 2478 1104 2550 εἶδον
1126 2485 1210 2550 ε’κεί-
1272 2509 1283 2536 >

113 2617 157 2658 νοι
177 2590 210 2670 ro
232 2593 384 2678 γλισχρον
400 2594 502 2658 αότοό
523 2591 578 2657 καὶ
597 2595 742 2676 περιδεὲς
764 2592 819 2654 καί
840 2588 1010 2669 ἀπόλεμον,
1031 2581 1087 2651 διό
1106 2583 1209 2650 τόπων

114 2694 236 2783 ἀδήλων
267 2698 461 2780 βαδίσαντες
495 2698 550 2779 τῆς
575 2694 742 2779 βασιλικῆς
775 2693 930 2779 στρατιᾶς
954 2695 1052 2778 μοίρᾳ
1081 2689 1146 2754 τινί
1165 2687 1208 2754 δι’

184 2849 225 2906 14.
246 2855 462 2924 παραγίνεσθαι
477 2851 514 2906 (λε
532 2857 651 2904 corrextt
668 2850 813 2919 interpres.
861 2886 865 2896 a

209 3007 348 3061 Reuersus
369 3008 452 3078 igitur
470 3009 531 3060 inde
551 3009 578 3059 in
597 3007 805 3060 Sebastenorum
823 3006 916 3058 urbem
935 3003 1077 3074 capitalem
1101 3019 1213 3077 primunr

116 3088 208 3149 agente
227 3095 321 3132 mense
341 3080 451 3131 octobre
471 3088 497 3132 et
516 3081 632 3148 quietem
652 3081 802 3131 concedens
822 3080 952 3131 exercitui
972 3077 1045 3130 solos
1071 3085 1126 3130 tres
1146 3077 1212 3142 dies,
1250 3071 1252 3082 '

115 3153 249 3219 profectus
266 3152 329 3202 inde
348 3154 419 3204 viam
437 3153 498 3202 iniit
515 3168 584 3220 quae
603 3152 635 3203 ad
653 3151 757 3218 Syriam
776 3152 865 3215 ducit,
887 3158 913 3201 et
929 3166 978 3217 per
1006 3148 1104 3202 Oucusi
1128 3147 1214 3200 valles

116 3233 142 3274 et
158 3222 284 3276 difficiles
303 3225 361 3274 vias
384 3225 412 3274 in
431 3224 587 3275 Germanica
606 3239 636 3274 se
654 3224 820 3274 constituens
840 3224 867 3272 in
885 3222 1050 3289 provinciam
1075 3237 1142 3288 quae
1162 3235 1213 3270 vo.

116 3306 186 3348 catur
204 3295 306 3347 'i'elncir
326 3296 395 3361 apud
409 3296 559 3359 Armenios,
582 3294 847 3362 incidit‚'postquam
867 3301 945 3344 antea
963 3309 1018 3344 non
1037 3307 1145 3358 parvam
1164 3291 1214 3343 ab.

116 3369 190 3419 scidit
215 3366 378 3434 phalangem
410 3366 522 3418 militum
550 3382 609 3417 cum
645 3366 782 3432 praefecto
812 3366 912 3417 ordinis
948 3374 975 3416 et
1002 3365 1034 3416 ad
1061 3363 1215 3416 Melitenem

117 3441 199 3491 emisit
226 3439 260 3490 ad
285 3434 446 3504 praesidium
466 3439 663 3505 provinciarum
683 3438 795 3490 orientis
814 3445 841 3488 et
857 3438 888 3488 ad
906 3435 1080 3489 resistendum
1094 3433 1214 3488 hostibus

115 3512 150 3562 ibi
168 3519 223 3580 tum
243 3510 352 3562 insidias
375 3511 545 3576 parantibus:
572 3508 668 3578 quibus
692 3509 798 3576 quidam
823 3510 966 3574 imperavit
989 3509 1031 3560 vir
1056 3506 1169 3560 callidus
1190 3514 1217 3558 et

117 3597 229 3651 pugnax,
249 3582 357 3632 nomine
374 3582 539 3634 Ausinalius.
576 3589 721 3648 propterea
740 3581 810 3632 enim
827 3597 875 3630 rex
894 3596 953 3630 cum
967 3581 1095 3633 centuriis
1112 3588 1138 3630 ct
1149 3595 1216 3630 can.

117 3654 263 3706 turionibus
290 3655 368 3705 etiam
395 3669 486 3706 omnes
505 3653 631 3717 Francos,
652 3653 773 3703 homines
793 3654 923 3720 sanguine
942 3653 1089 3720 gaudentes
1109 3659 1135 3702 et
1154 3651 1217 3703 hel.

117 3726 229 3790 licosos,
257 3725 319 3776 huic
338 3726 398 3778 duci
423 3726 545 3790 tradidit,
573 3734 603 3776 ut
627 3724 717 3777 valida
741 3725 768 3776 vi
788 3727 934 3778 sustineret
953 3723 1054 3775 bellum
1075 3723 1217 3791 inquibus

117 3797 245 3848 tornatili
272 3798 376 3864 quando
396 3797 497 3850 bellum
516 3806 654 3849 externum
672 3797 799 3847 instaret:
820 3797 867 3848 sed
889 3795 934 3846 hic
961 3810 1014 3846 non
1040 3796 1145 3847 fortiter
1164 3809 1216 3845 uno

118 3871 170 3920 ictu
190 3878 219 3919 et
237 3869 296 3920 sine
315 3869 425 3922 honoris
441 3870 528 3921 studio
541 3884 604 3921 usus
619 3869 763 3918 occasione
783 3876 810 3918 et
828 3867 917 3932 rebus,
936 3883 1022 3932 paena
1040 3869 1099 3934 regi
1119 3866 1218 3933 duplex

118 3940 217 3991 bellum
236 3941 334 3992 nudato
352 3941 400 3992 tali
418 3943 615 4009 pugnacissimo
636 3941 757 3990 exercitu
776 3953 826 4004 pro
845 3938 968 4004 simplice
984 3941 1127 3990 excitavit:
1159 3947 1228 3988 cum·

120 4013 187 4062 enim
213 4027 406 4078 saepenumero
432 4020 611 4078 provocarent
631 4026 689 4061 eum
717 4011 808 4062 hostes
828 4025 917 4077 neque
942 4008 990 4060 ille
1016 4019 1172 4078 sequeretur
1191 4019 1220 4062 ut

120 4085 262 4136 excederet
281 4083 346 4134 urbe
371 4085 509 4148 Melitene,
530 4098 677 4152 quanquam
696 4082 796 4134 milites
823 4081 908 4148 parati
928 4088 1003 4132 crant
1022 4097 1080 4133 cum
1099 4084 1132 4136 iis
1151 4095 1219 4134 con.

121 4155 206 4222 gredi,
226 4154 366 4223 postquam
387 4155 428 4207 iili
447 4156 573 4209 uiderunt
591 4164 698 4207 tenuem
718 4155 892 4207 constantiam
912 4155 1096 4224 (tenuitatem)
1117 4155 1174 4206 cius
1193 4161 1220 4204 et

121 4227 289 4283 timiditatem
302 4234 332 4278 at
343 4226 411 4280 belli
425 4228 592 4294 imperitiam,
609 4243 659 4296 per
677 4225 739 4280 locu
753 4226 846 4298 ignota
864 4225 980 4296 inmersi
998 4225 1067 4295 regii
1088 4224 1219 4281 exercitui
