2967 4825
200 330 206 347 .
253 264 303 336 tt
367 224 381 241 ⁵
545 251 765 329 mensure
797 249 1084 329 smlnronln.

252 430 443 516 sumptuosos,
466 421 546 490 ὅπου
568 446 627 504 περ
652 420 750 496 αὐτὸς
772 413 941 499 οἰκοδομὰς
974 409 1121 498 λαμπρὰς
1145 416 1201 478 καί
1221 414 1357 502 πολυτε·

254 539 319 608 λεῖς
337 534 392 594 καί
411 528 580 612 βασιλεῦσι
599 521 821 607 προσηκούσας
842 518 988 601 ἐπήξατο,
1010 518 1139 601 πληρῶν
1152 512 1280 597 ἐντολὴν
1301 514 1358 603 αι’-

255 633 310 695 δοῖ
328 632 385 694 τοῦ
406 629 641 707 ἐντειλαμένου,
662 627 784 704 μᾶλλον
808 622 842 685 δέ
864 620 901 705 τῇ
915 620 971 683 τοῦ
993 614 1154 701 μα’ρτυρος
1173 619 1358 698 έπευφραι-

165 763 174 775 ’
254 728 382 812 νόμενος
407 726 501 814 ἑορτῇ
523 726 578 789 καί
599 721 796 806 κομίσασθαι
818 725 942 804 μέλλων
961 716 994 781 τὸ
1019 714 1280 802 προσωρισμένον
1300 710 1357 775 τά.

256 827 364 895 λαντον
386 828 440 895 tui
460 826 601 905 δεξιώσει
624 827 679 907 τῆς
701 824 903 907 παρουσίας,
925 821 1112 901 παρεγένετο
1134 811 1245 880 θύσων
1269 812 1384 899 ου’τρῖὅ

254 933 426 1013 βασιλικῶς
447 926 504 1011 τὴν
524 924 628 1011 τιμήν.
672 923 725 989 καί
746 926 853 1005 μέντοι
876 922 931 985 καί
946 918 1002 1001 τὴν
1023 914 1211 1002 ἑορτάσιμον
1233 910 1358 997 ἡμέραν
1381 1004 1383 1011 η

256 1032 407 1117 διηνεκῶς
438 1032 586 1110 ἐπέμενεν
610 1028 721 1106 ἐκεῖσε,
745 1025 802 1107 τὴν
822 1020 981 1105 διαγωγὴν
1007 1019 1065 1083 οὐκ
1089 1017 1356 1101 οίηδῆκαθορῶν·

256 1135 339 1205 τινές
359 1132 394 1194 δὲ
416 1132 480 1193 τῶν
500 1131 554 1211 τῆς
576 1125 808 1211 βασιλευούσης
830 1118 995 1207 κακοήθως
1006 1121 1212 1199 διατεθέντες,
1233 1116 1278 1191 ῶς
1299 1118 1361 1180 τοῦ

256 1234 411 1314 βασιλέως
432 1232 637 1313 χαρακτῆρας
658 1228 937 1312 παραγυμνοῦντος
958 1224 1015 1286 oris
1036 1222 1171 1303 εὐγενεῖς
1187 1216 1242 1283 κατ’
1258 1216 1360 1281 ἄστα-

257 1333 383 1407 τοῦντος
405 1340 467 1407 τοῖς
489 1328 592 1413 λόγοις
613 1327 669 1392 καί
687 1325 767 1411 πρὸς
788 1323 823 1392 τό
845 1324 1015 1409 βασιλικὸν
1036 1320 1274 1397 δλισθαίνοντος
1293 1314 1360 1401 χά·
1371 1333 1408 1387 10.

258 1458 369 1516 ρισμα,
390 1424 425 1497 τὸ
446 1434 480 1497 δὲ
507 1431 562 1497 καί
583 1431 762 1513 μεταβολῆς
797 1428 929 1511 ἐρῶντες
963 1424 1069 1490 έλπίδι
1089 1420 1264 1505 λημμάτιον
1284 1442 1361 1485 και-

257 1536 340 1614 νῶν,
361 1532 481 1617 βουλὴν
516 1528 658 1617 πονηρῶν
692 1525 919 1615 ε’ξαρτύσαντες
949 1520 1023 1610 ἄρτι
1044 1524 1360 1609 προβεβουλευμένην

259 1635 379 1714 αὐτοῖς,
395 1632 607 1714 μεταδιδόασι
636 1627 813 1715 τῆςλδμης
842 1628 944 1712 αδτῆς
974 1626 1013 1689 ου’
1032 1625 1129 1707 μόνον
1151 1621 1361 1707 στρατιωτῶν

258 1732 324 1799 τισί
344 1738 404 1799 τῶν
426 1738 501 1815 περί
521 1733 580 1815 τήν
603 1725 731 1817 ἤπειρον
755 1728 836 1793 α’λλοὶ
865 1731 920 1793 καί
945 1735 1010 1803 τοῖς
1026 1722 1088 1791 α’πὸ
1112 1728 1171 1789 τοῦ
1190 1724 1361 1805 βασιλικοῦ

129 1835 133 1845 “
182 1904 185 1907 ,
258 1829 371 1897 στόλου
393 1836 449 1897 καί
468 1830 524 1915 τῆς
547 1830 625 1897 κατὰ
648 1830 817 1896 θάλασσαν
838 1828 1037 1914 δορυφορίας
1049 1849 1084 1890 τε
1106 1823 1170 1889 καῖ’
1183 1822 1360 1905 δυνάμεως.
1373 1846 1402 1897 15

259 1933 315 1995 καί
337 1924 374 2013 ἦν
394 1932 505 2009 αέτοῖς
527 1935 755 2014 διεγνωσμένον
777 1954 811 1997 τε
833 1934 888 1996 καί
919 1926 1121 2012 συγκείμενον
1143 1928 1196 1992 ἵνα
1218 1926 1276 1991 τοῦ
1297 1928 1362 2006 βα-

259 2035 371 2109 σιλέως
392 2029 439 2095 ἔτι
456 2041 525 2107 ταῖς
535 2040 749 2115 μαρτυρικαῖς
764 2031 1059 2118 έμφιλοχωροῦντος
1072 2035 1203 2113 σκηναῖς
1219 2019 1363 2111 ιἰρθριῶ-

260 2156 367 2217 τερον,
388 2133 449 2220 πρὸ
480 2136 538 2197 τοῦ
562 2135 712 2215 διαγελᾶν
744 2132 952 2220 α’ποίρξασθαι
986 2132 1044 2220 τὴν
1076 2129 1215 2215 ἡμέραν,
1254 2126 1362 2208 οἱμὲν

261 2234 322 2299 σδν
341 2238 514 2322 α’λολαγμῴ
533 2239 587 2300 καί
606 2238 668 2321 βοῇ
688 2235 743 2299 καί
765 2234 893 2319 θορύβῳ
917 2234 1054 2319 μεγίστῳ
1083 2228 1141 2308 τὰς
1163 2233 1218 2313 τῆς
1239 2228 1362 2303 πόλεως

260 2340 412 2414 πλατείας
432 2337 662 2421 διαταράξωσι,
685 2335 826 2409 καὶτοῖς
848 2340 1006 2420 φρουροῖς
1029 2331 1257 2417 προςβαλόντες
1282 2326 1403 2397 deul-20

207 2455 217 2468 ·
259 2461 373 2504 σταιον
393 2435 480 2504 ἅπαν
508 2437 544 2527 τὸ
567 2436 752 2523 ἔμφρουρον
775 2436 1035 2521 α’περγίσωνται,
1065 2435 1120 2500 καί
1141 2430 1276 2508 πολλοῖς
1300 2435 1365 2497 τῶν

260 2537 375 2619 ὁμοίων
395 2537 475 2623 πρὸς
504 2539 681 2623 α’νταρσιάν
708 2537 949 2623 διερεθίσασιν,
974 2533 1003 2600 οἱ
1024 2538 1060 2600 δέ
1081 2539 1138 2620 τῆς
1157 2533 1275 2618 βουλῆς
1300 2534 1366 2597 ου’-

261 2647 326 2716 τοῖς
352 2646 603 2723 συμμετέχοντες
634 2643 779 2705 ναυτικοί
810 2645 873 2713 τοῖς
902 2640 1046 2712 α’κατιόις
1072 2633 1132 2720 πρὸ
1165 2638 1225 2700 τῶν
1257 2627 1365 2702 ἄλλων

262 2747 490 2823 προσοκείλωσι
513 2745 553 2829 τῇ
572 2746 679 2830 χέρσῳ
701 2749 764 2806 τῶν
783 2741 990 2826 μαρτυρικῶν
1007 2737 1134 2826 ἐκείνων
1152 2740 1286 2824 σκηνῶν,
1309 2740 1367 2801 καί
1386 2817 1387 2820 ¹

333 2896 359 2948 2.
379 2897 425 2947 ul.
443 2889 493 2961 τὴν
510 2884 649 2960 sorello?
716 2870 719 2876 ¹

263 3032 352 3100 pleret
369 3032 525 3097 imperatum
548 3034 703 3086 reverentia
730 3035 902 3100 imperantis,
921 3035 1006 3102 magis
1032 3031 1110 3084 etiam
1123 3038 1152 3082 nt
1170 3031 1238 3084 festo
1258 3040 1366 3100 marty.

263 3105 300 3155 ris
319 3101 508 3167 delectaretur,
528 3111 555 3156 et
572 3105 677 3156 tradere
697 3105 792 3157 volens
812 3107 948 3158 delinitum
966 3104 1093 3156 talentum
1113 3102 1146 3155 ad
1174 3103 1364 3156 salutationem

261 3176 450 3242 praesentiae,
475 3175 577 3242 adluit,
603 3178 799 3230 sacrificaturus
826 3178 851 3228 ei
876 3177 953 3244 regie
981 3177 1111 3228 honorem
1131 3183 1158 3226 et
1169 3176 1271 3227 testum
1292 3176 1362 3228 diem

262 3246 368 3299 assidue
386 3249 513 3298 remansit
530 3250 582 3313 ibi,
602 3249 701 3301 victum
718 3264 774 3307 non
792 3250 964 3302 iniucundum
979 3255 1111 3315 spectans.
1150 3247 1253 3314 quidam
1273 3255 1363 3300 autem

263 3325 356 3370 eontra
374 3319 511 3385 imperium
526 3320 594 3371 male
608 3320 739 3387 dispositi,
759 3322 834 3387 quasi
846 3337 894 3372 rex
912 3335 1001 3372 mores
1019 3319 1166 3370 denudaret
1182 3319 1290 3369 minime
1310 3335 1363 3370 no.

261 3389 355 3462 biles„
376 3391 537 3442 etinfirmus
556 3391 785 3454 morationibus,
813 3393 923 3460 et'regii
943 3391 1044 3458 favoris
1064 3389 1287 3454 oblivisceretur,
1308 3399 1362 3442 tnm

263 3463 341 3511 etiam
364 3463 517 3512 mutationis
538 3462 626 3528 cupidi
648 3478 696 3528 spe
715 3463 911 3516 commodorum
931 3477 1078 3524 novorum,
1105 3462 1246 3514 consilium
1264 3462 1363 3514 malunt

261 3533 422 3583 instruentes
450 3547 535 3598 nuper
563 3535 743 3600 excogitatum
770 3549 785 3584 a
810 3551 857 3598 se,
881 3534 1074 3584 communicant
1108 3535 1279 3602 ignominiam
1308 3549 1363 3584 uon

239 3601 348 3656 .solum
367 3618 426 3652 cum
444 3602 556 3653 militum
574 3606 601 3654 in
621 3606 775 3656 continente
794 3606 965 3673 quibusdam,
988 3606 1035 3656 sed
1058 3605 1136 3656 etiam
1156 3621 1215 3656 cum
1233 3605 1362 3658 militibus

261 3674 355 3740 regiae
374 3673 467 3724 classis
483 3683 509 3722 ot
526 3675 630 3725 navalis
650 3684 799 3728 armaturae
819 3685 846 3728 et
864 3678 1011 3728 exercitus:
1033 3685 1114 3743 atque
1134 3685 1191 3728 erat
1209 3677 1241 3728 ab
1259 3679 1293 3729 iis
1313 3695 1361 3746 ag-

261 3745 346 3794 nitum
366 3751 392 3793 et
413 3751 550 3808 statutum,
577 3755 606 3797 ut
625 3763 690 3816 rege
710 3747 796 3798 adhue
815 3750 842 3799 in
861 3749 979 3817 martyrii
997 3743 1122 3800 versante
1141 3750 1264 3800 tentoriis
1283 3759 1362 3801 ante-

263 3830 340 3883 quam
366 3812 527 3866 illucescere
550 3820 703 3884 coepisset,
728 3819 776 3869 alii
794 3819 894 3871 bellico
921 3827 1000 3870 cantu
1022 3828 1049 3869 et
1067 3819 1183 3870 clamore
1204 3829 1231 3870 et
1248 3820 1362 3872 tumultu

261 3886 374 3936 maximo
400 3886 473 3937 urhis
501 3889 558 3940 vias
578 3891 764 3956 perturbarent
784 3900 811 3942 et
840 3891 972 3958 praesidia
991 3893 1112 3960 aggressi
1131 3892 1264 3943 desertum
1284 3885 1361 3942 omne

208 3968 223 4008 ,’
261 3956 421 4024 praesidium
443 3959 563 4011 facerent
583 3971 608 4011 et
628 3961 725 4013 multos
745 3963 869 4014 similium
889 3962 920 4012 ad
939 3963 1098 4014 seditionem
1120 3965 1289 4026 excitarent,
1316 3963 1361 4014 alii

261 4035 348 4078 autern
367 4029 473 4079 consilii
494 4032 526 4081 iis
547 4035 690 4099 participes
707 4035 819 4085 navales
837 4033 936 4085 milites
958 4033 1080 4086 lintribus
1099 4043 1160 4085 ante
1181 4044 1286 4086 ceteros
1313 4044 1361 4100 ορ·-

260 4097 395 4165 pellerent
420 4103 538 4166 martyrii
565 4104 620 4155 illis
644 4107 766 4156 tentoriis
792 4115 818 4156 et
840 4120 931 4172 regem
954 4108 1212 4174 appropinquantem
1231 4105 1299 4158 belli
1318 4114 1361 4156 tu-

202 4195 205 4200 ·
259 4169 345 4222 multu
374 4173 528 4225 exterritum
555 4183 582 4226 et
599 4174 631 4227 ad
656 4178 757 4246 regiam
782 4178 911 4230 aditurum
937 4192 1020 4249 seque
1040 4177 1252 4232 confirmaturum
1272 4185 1361 4232 contra
1404 4231 1409 4254 ,

501 4370 503 4375 “
522 4393 530 4420 ι
