2967 4825
261 211 341 315 too
549 198 1093 333 urenturs··tnrtsronru'
1130 206 1177 241 ¹

159 401 164 406 “
258 405 387 488 τομον.”
411 403 717 487 διακαρτερήσαντες
736 393 795 466 οὖν
808 403 842 466 ἐν
855 400 979 475 τούτοις
995 394 1176 483 α’μφότερον
1187 396 1285 478 μέχρι
1299 396 1371 459 νοῦν

259 508 467 593 δηλωθεισοόν
490 502 630 589 ἡμεροῦν,
662 500 877 577 καιᾎσπονδάς
899 497 1104 585 ποιησάμενοι
1127 501 1181 561 καί
1201 498 1371 579 συνθήκας

236 609 436 693 εἰρηνικάς,
458 601 528 670 εἶτα
551 604 605 670 καί
626 608 719 688 κῆδος
734 605 787 669 ε’πί
807 611 871 679 τοῖς
890 603 984 677 ίιλίοις
1008 599 1103 665 παισί
1117 597 1370 683 συστησάμενοι,
1443 646 1448 653 .

258 706 359 791 μόνην
379 710 522 785 δεξίωσιν
546 701 650 789 ἁδρὰν
668 708 725 769 τοῦ
743 708 898 785 βασιλέως
924 704 1010 789 orico]
1031 696 1371 783 προσομολογήσαντος

259 812 383 877 ἐκεῖθεν
405 803 459 873 ἄπ’
479 806 623 891 ἀλλήλων
648 806 924 888 διεχωρίσθησαν,
952 797 1168 875 ἀπολύσαντας
1189 796 1286 863 ου’τὸν
1305 798 1370 861 τοῦ
1382 814 1407 865 5

260 909 438 977 σουλτάνου
462 906 521 973 συν
542 912 642 995 πολλῇ
663 909 699 996 τῇ
721 908 893 991 περιπλοκῇ
917 908 970 968 καί
984 907 1024 991 τῇ
1046 899 1263 987 συντακτηρίῳ
1285 898 1370 983 τιμῇ

262 1011 343 1093 πρὸς
362 1008 419 1093 τὴν
439 1011 556 1073 οἰκείαν
577 1013 764 1091 βασιλείαν,
794 1006 1042 1089 προοεπιδόντος
1072 1003 1107 1066 δὲ
1129 1005 1184 1065 καί
1202 1003 1265 1063 ταῖν
1281 998 1370 1066 Ῥω-

260 1118 367 1195 μαίων
381 1107 526 1186 ,ὁπόσους
545 1109 695 1197 ᾐτήσατο,
717 1112 773 1173 καί
794 1112 942 1190 πρέσβεις
968 1104 1002 1171 ἐκ
1025 1108 1088 1170 τῶν
1110 1104 1241 1167 οἰκείων.

362 1213 419 1286 Εἰς
447 1212 482 1273 δὲ
510 1205 545 1274 τό
581 1211 798 1294 Μαντζικίερτ
825 1205 861 1271 τό
885 1202 1021 1291 κοίστρσν
1050 1199 1236 1289 φθάσαντες
1256 1204 1375 1266 πολλοὶ

262 1316 324 1379 των
339 1310 506 1392 Ῥωμαίων
526 1320 722 1396 καταφυγεῖν
751 1316 895 1391 κατεῖχον
920 1304 1007 1371 ον’τό.
1064 1300 1106 1381 ὥς
1126 1306 1153 1367 δ’
1175 1298 1191 1367 ὁ
1213 1298 1372 1384 βασιλευς
1385 1320 1430 1373 10

262 1414 439 1495 ἐπανῆλθε,
463 1414 504 1474 δι’
530 1405 626 1495 ἄλλης
649 1409 727 1474 ὁδοῦ
751 1412 883 1495 α’φέντες
908 1408 1000 1471 τοῦτο
1023 1408 1136 1469 ἐκεῖνον
1159 1402 1276 1488 νυκτὸςμ
1297 1405 1372 1480 ἐξὲ-

263 1537 374 1598 ocyor.
419 1513 477 1597 ἀφ’
507 1506 551 1577 ὧν
586 1517 643 1598 καί
663 1535 743 1586 τινες
767 1502 933 1590 πολεμίοις
957 1501 1224 1592 περιπεπτωκότες
1250 1505 1374 1570 διεκιν-

263 1601 442 1678 δύνευσαν·
486 1612 515 1678 οἱ
537 1616 566 1676 δ’
584 1608 674 1676 ἄλλοι
706 1611 785 1694 πρὸς
803 1608 844 1675 τὰ
866 1613 1006 1695 σφέτερα
1026 1604 1251 1691 διεσώθησαν·
1292 1600 1372 1671 ὅδὲ

260 1713 414 1795 βασιλευς
439 1712 698 1798 κατηντηκώςείς
723 1708 988 1777 Θεοδοσιούπολιν
1009 1707 1090 1801 μετὰ
1115 1708 1289 1791 Τουρκικῆς
1310 1710 1372 1789 τῆς

262 1816 393 1899 στολῆς,
411 1819 466 1879 καί
487 1815 677 1895 ὖποδεχθείς
705 1815 896 1897 φιλοτίμως,
918 1810 1040 1895 ἡμέρας
1069 1805 1156 1881 τινὰς
1178 1810 1277 1873 ἐκεῖσε
1301 1804 1373 1871 διε·
1386 1824 1428 1878 15

263 1920 449 2000 καρτὲρησε,
471 1912 728 1999 θεραπευόμενος
750 1917 809 1993 μὲν
831 1909 887 1996 τήν
909 1921 1019 1995 χεῖρα,
1041 1910 1308 1975 συνθιαναπαύων
1331 1911 1371 1973 δὲ

264 2019 319 2080 καί
340 2013 375 2081 τὸ
411 2010 489 2080 ἄλλο
522 2020 615 2095 σῶμα
646 2017 702 2079 καί
734 2011 968 2094 α’νακτοίμενος,
987 2010 1164 2095 Ῥωμαϊκήν
1193 2034 1227 2076 τε
1249 2006 1370 2093 σκευήν

265 2110 338 2201 ἄρτι
362 2118 521 2195 καινίζων,
542 2118 598 2180 καί
617 2114 671 2199 τὴν
694 2110 793 2199 ἄλλην
816 2117 916 2179 ἐκεῖσε
943 2109 1189 2190 κατασκευάζων
1211 2108 1371 2189 ἐπίτευξιν

266 2214 321 2281 διαὶ
341 2216 375 2281 τό
390 2221 527 2300 μέλλειν
563 2222 609 2293 εἰς
636 2215 676 2281 τοὶ
700 2215 808 2302 πρόσω
839 2218 895 2300 τῆς
916 2212 1090 2297 ,Ῥωμαίων
1112 2222 1239 2297 χωρεῖν.
1284 2205 1371 2295 ἄρας

267 2311 323 2383 οὖν
352 2321 474 2385 ἐκεῖθεν
506 2317 587 2399 μετοὶ
607 2323 785 2402 ’βασιλικῆς
813 2321 867 2401 τῆς
897 2321 1011 2400 σκευῆς
1030 2340 1062 2381 τε
1094 2319 1149 2380 καί
1180 2314 1425 2401 προπομπῆςρο

267 2421 350 2511 διῄει
369 2419 426 2498 τοὶς
447 2422 603 2508 Ἰβηρικὰς
626 2422 754 2503 κώμας,.
769 2421 892 2504 ὀλίγους
913 2421 994 2484 πάνυ
1009 2418 1196 2500 καταλαβών
1214 2420 1276 2482 ταῖν
1301 2441 1371 2502 φο.

265 2521 377 2607 yricium
394 2527 448 2608 τῆς
465 2521 571 2609 μάχης
594 2527 812 2611 στρατιωτῶν,
837 2517 892 2599 οὓς
908 2525 963 2588 καί
983 2519 1101 2614 αὐτους
1121 2519 1200 2603 μετοὶ
1224 2523 1286 2608 τοῖν
1308 2545 1371 2584 συ-

264 2626 568 2710 νελευθερωθέντων
583 2619 650 2709 εἶχε
671 2627 748 2707 μεθ’
768 2621 894 2690 ἑαυτοῦ.
917 2623 951 2691 τὰ
978 2628 1006 2689 θ’
1021 2617 1097 2689 ἄλλο
1119 2627 1241 2708 πλῆθος
1262 2620 1373 2699 συνεί-

269 2933 401 3002 equidem‚
421 2935 516 3004 inquit,
535 2951 590 2987 uon
609 2935 733 2988 imitabor
754 2935 874 2989 austeros
896 2942 955 2989 tuos
976 2942 1002 2987 et
1020 2933 1143 2987 crudeles
1161 2949 1258 2988 mores.
1291 2943 1372 3002 post.

269 3022 346 3075 qutun
365 3007 448 3074 igitur
465 3007 493 3058 in
507 3007 549 3060 his
567 3007 644 3058 ambo
662 3011 762 3061 uersati
782 3016 937 3076 suntusque
952 3009 984 3060 od
1002 3006 1151 3060 declaratos
1170 3007 1227 3059 dies
1247 3014 1274 3058 et
1292 3007 1373 3059 [idern

269 3085 297 3129 et
318 3079 392 3146 poeis
410 3087 488 3144 pacto
506 3080 659 3144 iunxerunt,
680 3081 775 3133 deinde
792 3082 869 3132 etism
883 3079 1039 3132 affinitatem
1057 3081 1085 3129 in
1105 3078 1199 3130 liberis
1218 3079 1274 3132 suis
1294 3094 1372 3130 com.

268 3159 426 3218 posuerunt,
445 3152 538 3202 dextre
556 3160 656 3203 tantum
676 3152 738 3203 fidei
757 3159 831 3204 teste
845 3153 905 3203 dota
932 3153 995 3204 inde
1014 3153 1194 3204 discesserunt
1212 3166 1228 3200 a
1247 3167 1277 3202 se
1296 3151 1371 3202 iuvi.

270 3237 337 3286 cern,
358 3238 416 3274 cum
436 3222 556 3276 soltanus
583 3239 642 3274 euru
676 3224 821 3283 dimitteret
838 3224 921 3274 multo
950 3239 1008 3274 eum
1036 3222 1159 3289 amplexu
1180 3230 1206 3272 ct
1224 3222 1371 3274 honoribus

269 3295 467 3362 prosecutionis
488 3296 521 3346 ud
540 3296 623 3361 ipsius
642 3311 763 3364 regnum,
779 3302 859 3362 atque
876 3296 987 3348 adderet
1005 3296 1084 3357 etiem
1099 3295 1269 3358 Graecorum,
1289 3301 1372 3362 quot.

271 3375 337 3434 quot
354 3367 506 3434 requisivit,
526 3374 553 3416 et
570 3365 675 3433 legatos
695 3382 728 3417 ex
747 3369 811 3419 suis‘.
903 3406 904 3409 ,

370 3454 412 3507 Ao
435 3454 639 3506 Mentnikertum
663 3462 751 3506 nutem
780 3452 918 3507 castellum
944 3453 1070 3506 celeriter
1085 3453 1178 3506 'multi
1210 3455 1372 3508 Graecorum
1407 3464 1410 3468 ·

271 3525 460 3593 confugientes
480 3526 505 3577 id
523 3533 674 3576 tenuerunt.
713 3542 771 3577 cum
790 3533 877 3578 autern
894 3542 942 3578 rex
956 3525 1009 3576 alia
1028 3527 1072 3577 vin
1089 3526 1199 3590 rediret,
1220 3527 1317 3578 relicto
1337 3541 1371 3577 eo

269 3597 312 3648 illi
331 3604 411 3647 noete
433 3597 574 3663 sugerunt:
595 3613 628 3647 ex
648 3597 742 3665 quibus
763 3599 841 3649 etiam
859 3596 905 3648 olii
934 3599 961 3648 iu
981 3597 1073 3650 hostes
1092 3599 1241 3650 incidentes
1259 3599 1370 3665 pericu.

213 3714 216 3722 .
269 3669 326 3720 lum
345 3667 498 3730 subierunt,
526 3670 611 3719 ceteri
634 3670 663 3719 in
686 3685 733 3720 sua
762 3669 909 3720 incolumes
933 3677 1085 3720 venerunt..
1116 3677 1164 3721 rex
1183 3662 1288 3734 eutem,
1310 3685 1371 3720 curu

271 3738 426 3790 advenisset
443 3737 668 3806 Theodosiopolin
688 3757 746 3791 curn
766 3743 871 3808 agmine
890 3740 1000 3792 Turcico
1030 3748 1056 3791 et
1075 3740 1222 3792 honorifice
1242 3748 1371 3809 exceptus

272 3816 358 3873 essct,
386 3809 443 3861 dies
467 3810 611 3864 nonnullos
630 3812 667 3862 ibi
691 3821 807 3864 moratus
828 3821 877 3874 est,
897 3827 991 3863 curans
1021 3828 1124 3864 monum
1143 3828 1216 3864 suom
1236 3813 1372 3881 simulque

269 3880 403 3948 reliquum
423 3881 546 3934 reficiens
566 3898 662 3950 corpus
682 3892 709 3934 et
728 3885 870 3935 restituens
891 3884 1247 3953 Graecumque-apparatum
1267 3899 1371 3938 novans

206 3964 209 3972 ·
271 3957 351 4019 etque
370 3961 460 4014 cetere
484 3953 520 4004 ibi
540 3970 634 4021 paraus
654 3956 841 4022 impedimento
872 3957 934 4022 quio
953 3954 1059 4022 longius
1086 3958 1112 4006 iu
1132 3957 1293 4009 Graecorum
1311 3965 1372 4009 ter.

270 4038 326 4074 rum
350 4039 522 4090 processurus
550 4036 613 4077 erat.
651 4028 788 4092 profectus
815 4026 896 4093 igitur
924 4027 984 4077 inde
1010 4043 1068 4077 cum
1093 4030 1169 4095 regio
1195 4037 1324 4096 opperstu
1345 4037 1373 4079 et

272 4097 397 4146 comitatu
415 4097 534 4149 Ibericos
554 4114 637 4165 pagos
656 4101 819 4167 peragravit,
838 4113 937 4165 paucos
954 4099 1060 4149 omnino
1074 4101 1215 4168 recipiens
1236 4101 1373 4168 fugitivo.

270 4180 329 4219 rum
347 4165 446 4234 proelii
463 4168 585 4236 militum,
605 4185 672 4239 quos
688 4169 719 4223 'et
747 4170 819 4236 ipsos
840 4172 897 4238 curu
916 4168 1036 4224 liberetis
1054 4171 1286 4238 secemtohehat,
1324 4187 1372 4224 re.
