2967 4825
564 296 771 397 uuum.
869 305 872 309 ·
1131 294 1205 372 ιω

107 463 290 544 κομίσαντες
317 464 437 528 πλοόν·
480 464 536 525 καί
566 459 600 525 τό
621 458 786 585 βασιλειαν
808 461 949 552 διάδημα
978 470 1012 536 du
1033 477 1125 555 θείας
1144 481 1210 564 χό-
1267 499 1268 506 ’

106 588 192 652 ριτος
213 563 434 688 όρεβραβεόθη
445 587 514 647 μοι,
538 587 591 626 και
613 561 632 644 ἧ
655 565 712 625 soti
739 567 819 628 θεοῦ
838 573 940 648 κρίσις
962 563 1075 657 ἤδη
1043 600 1097 642 του
1118 577 1209 667 disy.

105 689 165 752 χον
185 669 241 731 καί
259 662 294 730 τό
318 667 515 747 α’ποτέλεσμα
536 665 593 749 τῆς
613 661 807 787 ἀποφάσεως
835 670 960 737 δέδωκε.
1004 676 1045 740 σό
1071 681 1106 745 δὲ
1127 709 1207 767 προ.

106 765 202 853 σεχῆς
223 791 260 856 τη
247 766 495 854 βασιλευούσῃ
516 761 693 849 τυγχάνων,
716 790 769 829 και
764 764 838 830 διό
861 773 919 834 τοῦ
941 771 1024 839 ἰδίου
1047 779 1207 848 αυταδίλ-

82 892 171 956 ηφου
191 866 344 948 δυνάμεις
371 863 600 950 στρατιωτικός
633 865 804 951 όπιοτὴσας
836 867 918 958 αὐτῇ
945 877 1002 938 καί
1020 880 1120 944 πόλλόι
1140 886 1206 947 θυ-

106 965 276 1054 ραυλήυας,
296 969 336 1032 ου’
355 965 449 1050 μόνον
467 964 593 1047 α’νόξιος
613 970 743 1053 όιιρίθης
758 971 816 1033 soni
835 973 1027 1061 menippeum,
1049 977 1130 1044 ἄλλό
1150 989 1207 1051 καί
1260 1055 1265 1062 ,
1363 1001 1367 1008 ’

103 1064 234 1154 όβρεσιν
254 1069 434 1155 ἤτιμόσθης
454 1075 586 1145 πολλοῖς
608 1070 667 1132 Ικαί
685 1073 865 1153 παροινίαις
878 1069 1024 1159 όβλὴθης.
1048 1079 1103 1144 καί
1123 1082 1202 1150 nosci

101 1173 195 1236 τοῦτο
221 1171 280 1235 ouis
302 1167 367 1234 sidet
390 1193 425 1234 σε
450 1167 531 1249 μετόν
553 1168 610 1254 τὴν
642 1169 721 1254 όμόην
752 1168 961 1255 ἀναγόρευσιν
992 1176 1032 1244 τό
1065 1185 1204 1267 κρίματα

101 1274 157 1337 τοῦ
178 1273 256 1339 θεοῦ
279 1273 527 1356 καταιδεσθῆναι
549 1275 604 1336 καί
620 1276 806 1357 συμβαλεῖν,
829 1277 885 1339 καί
906 1275 1141 1363 διανοήσασθαι
1163 1283 1203 1350 τό

66 1368 330 1460 ιρσυμβεβηνότα,
354 1367 403 1436 ότι
424 1371 504 1455 ὑπὲρ
529 1372 731 1456 ἀνθρωπίνην
750 1372 831 1437 εἰσίν
849 1375 966 1457 ι’σχόνς
985 1377 1055 1443 ἀλλ’
1077 1377 1204 1469 όλόττη-

99 1500 157 1552 σας
180 1477 237 1541 καί
255 1470 336 1538 κατὰ
351 1473 413 1538 τοόν
425 1475 621 1556 δεδογμένων
635 1473 721 1562 αότρῖ
739 1476 783 1561 τῷ
803 1479 870 1563 θειβΙ
884 1477 939 1540 καί
957 1485 1025 1544 κατ’
1045 1483 1126 1561 ε’μοιῖ
1147 1481 1206 1548 rosi

100 1579 175 1659 παρ’
196 1576 317 1640 όκείνου
338 1577 595 1657 προβεβλημένου
623 1572 678 1638 καί
697 1573 801 1658 πόσης
829 1573 909 1655 δμοῦ
932 1580 989 1663 τῆς
1008 1581 1205 1658 βασιλευοόη
1296 1650 1304 1664 ρ

100 1701 166 1764 σης,
184 1678 240 1741 καί
260 1669 343 1740 όπλα
360 1672 539 1760 ἐτόλμησας
554 1667 644 1759 δραι,
666 1673 723 1739 καί
742 1670 955 1761 οἷνθρωπίνων
975 1684 1103 1764 σαρκοόν
1124 1681 1203 1747 oino-

99 1779 281 1862 γεόσασθαι
303 1779 478 1861 διεσκέψω,
500 1773 555 1839 καί
575 1774 737 1859 θεόμαχος
766 1779 800 1840 όν
820 1776 959 1866 τοσοότιρ
980 1785 1129 1864 γενέσθαι
1150 1789 1206 1850 καί

64 1881 151 1964 ιςτῆς
184 1876 273 1962 ἱεροῖς
302 1874 478 1963 συγκλήτου
510 1881 566 1940 καί
592 1878 646 1961 τῆς
666 1874 805 1942 συνόδου
832 1883 979 1961 πολέμιος
1000 1883 1057 1945 καί
1076 1879 1202 1950 πόντων
1277 1873 1296 1914 ·’

98 1978 161 2042 sois
184 1973 469 2063 πειθαρχησόντων
490 1987 557 2054 τοῖς
580 1981 679 2050 θείοις
703 1975 811 2057 νόμοις
830 1977 887 2043 καί
904 1983 1063 2062 κριμασιν.
1096 1978 1124 2047 τό
1148 1987 1203 2067 τῆς

97 2078 208 2154 όνοίας
234 2079 289 2164 τῆς
318 2082 396 2161 σῆς,
420 2073 469 2144 ότι
499 2080 581 2164 μηδὲ
606 2075 639 2143 τό
665 2078 837 2163 πρόχειρον
869 2082 963 2145 τοῦτο
991 2086 1128 2166 συνῆκας
1149 2086 1203 2149 καὶ

97 2179 309 2264 κατενόησας,
343 2179 387 2256 uic
422 2178 458 2247 τό
481 2180 635 2270 ᾀδόμενον
663 2188 821 2265 στοιχεῖον
842 2179 877 2246 τό
909 2185 943 2246 Ν
965 2182 1084 2248 ἁπλοῦν
1103 2179 1201 2266 μόνον

96 2285 149 2346 καί
169 2280 209 2344 οδ
226 2283 359 2345 διπλοῦν
388 2291 455 2358 τοῖς
488 2283 590 2347 ταῦτα
617 2284 869 2347 κατασκοποῦσιν
896 2282 1090 2367 εὑρίσκετο.η
1141 2286 1197 2349 ’καί

61 2379 199 2465 ηηπολλό
234 2377 328 2465 ἕτερα
349 2383 572 2469 δημηγορήσας
590 2381 720 2468 εόφυιός
746 2376 761 2444 ό
783 2381 921 2468 κρατῶν,
946 2386 1208 2469 καίιιαταγνούς
1322 2434 1323 2441 1

97 2480 214 2550 τοότου
233 2482 366 2568 μακρόν
386 2483 442 2569 την
462 2481 639 2569 εδήθειαν,
661 2485 817 2549 δπίλυστν
840 2483 937 2549 ου’τόυ
957 2488 1002 2561 είς
1022 2483 1079 2550 τόν
1100 2513 1200 2552 κατα·-

98 2588 252 2665 γόλαστον
272 2583 432 2667 θρίαμβον
451 2582 530 2663 μετὰ
554 2585 617 2649 τιόν
637 2582 773 2669 πριόνων
795 2590 849 2671 τῆς
872 2572 1054 2671 συμμορίας
1076 2586 1198 2653 αότοῖν.

189 2676 319 2768 Ἕτερον
349 2687 385 2751 δὲ
408 2687 523 2749 ου’δόνα
548 2690 611 2750 τεόν
634 2678 737 2751 ἄλλων
768 2688 809 2750 δι’
832 2688 965 2768 αἳματος
985 2686 1133 2772 ἠνέσχετο
1154 2713 1200 2753 τι·
1292 2676 1297 2687 ’

96 2788 250 2873 μωρῆσοιι
280 2784 296 2851 ό
317 2788 505 2872 βασιλτόςγ
521 2786 601 2852 ἀλλὰ
624 2790 681 2853 καί
698 2792 828 2871 μᾶλλον
843 2788 968 2855 ἰσόθεον
988 2792 1121 2877 πρᾶγμα
1142 2814 1201 2856 πε-

99 3070 199 3123 dicium
218 3069 269 3121 inm
288 3070 474 3121 documentum
494 3075 521 3121 et
540 3075 663 3121 eventum
682 3070 834 3122 sententiae
853 3070 939 3134 dedit,
958 3077 987 3122 tn
1007 3071 1200 3125 eontrainten.

98 3151 139 3195 tus
159 3141 254 3211 regine
275 3149 302 3193 et
319 3141 495 3210 perimerem
513 3143 600 3208 ipsum
617 3156 709 3193 munus
727 3140 858 3193 militares
876 3142 1015 3210 imponens
1036 3143 1061 3193 ei
1083 3150 1110 3193 et
1127 3141 1201 3193 mul.

98 3223 154 3267 tum
177 3214 227 3266 snb
246 3212 290 3265 dio
310 3221 449 3277 versatus,
476 3228 529 3264 non
556 3212 641 3265 solum
660 3213 785 3279 indignus
806 3213 937 3265 iudicatus
958 3229 987 3265 es
1005 3230 1036 3265 re
1055 3213 1102 3265 sed
1122 3215 1201 3265 etism

98 3286 227 3353 snperbia
255 3285 397 3353 neglectus
423 3300 451 3337 es
476 3284 574 3349 multu,
603 3294 631 3336 et
656 3286 760 3337 insonis
782 3284 854 3336 ictus
879 3299 925 3335 es:
951 3292 1032 3353 utque
1056 3292 1201 3371 propterea

97 3371 191 3410 nonne
211 3357 329 3423 oportuit
342 3365 370 3407 te
388 3364 449 3424 post
466 3370 552 3408 meum
567 3322 795 3408 renuntiationem
806 3356 906 3407 iudicia
923 3355 967 3406 dei
985 3358 1113 3408 venenet
1131 3372 1200 3425 cog-

97 3444 216 3482 noscere
235 3433 262 3479 et
280 3429 399 3496 cogitare
419 3428 488 3479 luctu
506 3444 585 3495 supro
603 3428 738 3478 hominum
759 3442 819 3479 esse
837 3428 1002 3495 potentium.
1021 3430 1068 3481 sed
1096 3428 1199 3479 insani.
1290 3432 1293 3443 ‘

97 3501 165 3554 visti
184 3495 211 3552 et
229 3507 321 3551 contra
341 3517 387 3566 eo,
412 3516 480 3569 quse
505 3508 602 3551 stntutu
629 3507 704 3551 erunt
729 3499 842 3567 abipso
868 3499 929 3564 deo,
950 3507 977 3551 et
995 3508 1086 3552 contro
1105 3514 1147 3551 me
1166 3499 1199 3551 sb

97 3573 147 3625 illo
170 3580 286 3624 ereetum
306 3580 332 3623 et
354 3538 446 3624 οόιιιιο
473 3579 555 3623 totum
582 3571 660 3623 simul
679 3572 798 3639 regium,
819 3581 846 3623 et
864 3586 936 3622 sumu
954 3587 1034 3624 susus
1054 3588 1084 3625 es
1102 3586 1201 3637 capere

99 3654 125 3698 et
141 3645 279 3696 hominum
305 3644 426 3696 cornibus
453 3643 506 3695 isui
533 3643 645 3697 voluisti
672 3649 699 3695 et
725 3643 776 3694 deo
804 3644 973 3697 sdversarius
1000 3644 1067 3695 adeo
1095 3643 1154 3695 fleri
1174 3650 1202 3694 et

98 3718 185 3769 semoti
199 3724 346 3768 conventus
366 3723 393 3766 et
409 3715 519 3767 concilii
536 3715 622 3769 hostis
641 3724 669 3767 et
682 3718 808 3782 omnium,
828 3717 874 3785 qni
895 3724 1020 3781 parerent
1038 3715 1136 3769 divinis
1155 3713 1201 3767 le.

98 3789 177 3859 gibus
197 3795 224 3839 et
238 3787 363 3839 iudiciis:
393 3787 447 3839 heu
466 3788 668 3854 imprudentiam
688 3796 779 3852 tuam,
802 3787 871 3856 quod
890 3801 924 3838 ne
943 3794 1073 3855 promtum
1094 3786 1200 3856 quidem
1225 3785 1229 3801 “

98 3862 151 3915 hoe
169 3858 334 3910 intellexisti
348 3865 375 3909 et
392 3859 619 3923 animadvertisti,
636 3860 802 3911 decantatum
820 3859 963 3912 litemmli
982 3858 1129 3925 simplicem
1152 3873 1200 3911 so-

98 3934 163 3997 lnm,
182 3946 272 3999 neque
290 3928 423 3997 duplicem
433 3930 498 3982 tohu
511 3931 698 3982 meditantibus
717 3932 843 3982 inueniri.
863 3939 942 3999 atque
960 3938 1098 3997 postquam
1117 3930 1201 3981 mults

98 4003 152 4055 sliu
166 4002 274 4054 loeutus
293 4009 335 4052 est
351 4002 492 4070 ingeniose
506 4004 651 4070 imperator
668 4009 695 4053 et
710 4002 885 4069 reprehendit
900 4002 980 4052 innius
992 4015 1114 4069 magnum
1133 4002 1201 4053 sim-

97 4075 257 4144 plicitatem,
276 4072 375 4125 dimisit
394 4088 453 4124 eum
471 4073 504 4124 sd
522 4073 664 4127 ridiculum
682 4073 845 4145 triumphum
863 4088 921 4124 cum
940 4070 1106 4139 principibus
1126 4070 1200 4125 ctam

97 4148 222 4200 sisoius.

190 4235 280 4290 Alium
299 4240 385 4287 nutem
396 4231 498 4285 nullum
517 4235 587 4286 inter
602 4245 707 4290 ceteros
718 4235 849 4304 sunguine
867 4231 1014 4287 sustinebat
1032 4227 1126 4288 ulcisci
1145 4244 1203 4298 sex,
