2967 4825
275 252 360 336 132'
553 248 783 332 chflffldd'
805 246 1065 331 amntem

268 424 425 501 νοπόλεονς
447 422 590 489 tratres
610 418 770 507 δφοίνετο,
794 406 867 497 ἐξ
847 441 884 501 ης
905 442 923 495 η
949 408 1029 496 πρός
1048 408 1083 477 τό
1107 406 1211 473 Χλίατ
1232 399 1370 523 νόδοδρς
1475 478 1476 499 ρ

268 523 324 592 διό
346 526 511 593 στενωπόν
531 523 720 603 ἐπιγίνεται,
754 520 977 601 μεταστρέψας
1007 510 1065 597 την
1083 511 1207 595 χνοόμην
1239 507 1295 571 ναί
1314 502 1371 579 τός
1475 524 1476 619 ρ

267 632 406 715 σημαίας
426 628 459 690 όν
481 624 630 744 α’ριρτερᾷ
663 618 883 706 ποιησάμενος,
908 611 1184 700 περιπλανώμενον
1204 608 1309 729 α’φηᾛιε
1332 602 1367 671 td
1474 626 1476 671 ι

266 727 492 814 στρατόπεδον,
512 722 569 807 τὴν
588 721 769 805 οόρισμένην
791 715 935 839 ρ’ταρπδν
959 720 992 783 ίν
1020 716 1105 803 δεξιρῑ
1126 706 1371 797 προερχόμενον,

266 828 325 906 ἕως
348 826 438 914 φη’μη
472 826 698 907 καταλαβοῦσα
732 818 904 906 μετήγαγεν
935 811 1027 905 αότδι
1043 812 1123 897 πρός
1152 812 1209 896 νην
1228 830 1369 875 rottero-
1380 814 1398 867 5

264 930 425 1013 μηδεῖσον
458 929 500 1013 epi
520 929 657 1007 βασιλεῖ.
700 916 900 997 κατελδοντες
921 912 981 983 σόν
1001 912 1181 997 ἀποτόμους
1208 908 1294 985 τινός
1315 912 1372 1029 πρό
1476 928 1477 987 ῖ

265 1025 462 1111 κρημνώδεις
482 1019 635 1104 όδοός,’
622 1047 654 1088 εν
683 1026 785 1105 βαθεῖ
813 1015 900 1109 τόπηι
921 1016 973 1084 τόν
1007 1018 1142 1099 βασιλέα
1165 1004 1371 1096 κατασκηνοό-

265 1152 366 1195 σαντα
387 1120 521 1211 εόρομεν
540 1128 650 1209 εἰιεῖοε,
673 1148 730 1247 την
743 1124 870 1206 πριότην
889 1117 1046 1204 βοολην’
1031 1118 1084 1183 eni
1105 1118 1190 1203 κακρῖ
1208 1118 1272 1179 τῶν
1290 1108 1371 1177 Ῥοι-

265 1228 370 1310 μαίων
395 1227 514 1305 οἷνλεοός
535 1224 806 1306 όνανεοισόμενον.
865 1222 977 1287 διελών
1005 1217 1066 1339 χόρ
1091 1220 1166 1304 διχῇ
1188 1213 1243 1279 τόν
1265 1238 1371 1297 στρα-
1477 1258 1478 1261 ,

266 1329 341 1412 τόν,
364 1329 528 1413 παρέδωκε
553 1325 587 1393 τό
617 1324 824 1411 ιοχορότερον
850 1327 946 1408 μέρος
980 1324 1024 1410 τῷ
1055 1321 1243 1405 Φιλαρέτρι,
1278 1315 1373 1398 ανδρε
1382 1324 1415 1379 10

264 1428 496 1520 στρατιωτινην
528 1432 587 1511 μὲν
618 1429 775 1510 ου’χοόντι
796 1423 964 1510 περιοπὴν,
992 1424 1129 1507 αἰσχροῦ
1158 1422 1192 1485 δὲ
1220 1420 1293 1499 βίον
1317 1418 1373 1481 καί
1477 1424 1478 1429 ’

268 1533 520 1616 διαβεβλημένον
552 1528 761 1614 τυγχάνοντι,
800 1530 855 1593 καί
881 1528 922 1615 τῷ
949 1524 1036 1591 ἔθνει
1066 1522 1278 1607 μαχεσαμένην
1313 1520 1372 1600 μὲν
1478 1537 1479 1559 ¹

267 1629 455 1718 διαφόρως,
488 1627 521 1695 ἐν
552 1631 586 1692 δὲ
607 1635 672 1704 τοίς
694 1632 852 1717 μεγίστοις
882 1624 1174 1707 καταπολεμηθέντι
1198 1616 1373 1684 acinano-

266 1733 460 1816 φρονηθέντι
479 1728 522 1803 οός
544 1725 579 1793 τό
596 1727 688 1807 εἰκός,
707 1726 746 1789 οό
768 1724 831 1810 μην
852 1726 1036 1812 ἀπεχομένην
1051 1720 1186 1804 ιοότοον,
1210 1719 1278 1783 ἄλλ’
1300 1720 1373 1783 ἑπι-

265 1833 406 1914 τρδχσντι
442 1829 501 1913 τὴν
542 1827 713 1912 ἡγεμονίαν
752 1825 804 1893 διό
845 1826 1066 1914 φιλοκερδείας
1098 1827 1153 1889 καί
1187 1819 1371 1908 φιλοδοξίας
1383 1834 1415 1887 15

266 1926 431 1995 eniterer.

368 2029 439 2097 Καί
457 2033 559 2095 torino
579 2035 638 2113 μὲν
660 2033 772 2094 τοῦτον
793 2026 846 2093 τδν
868 2029 985 2114 τρόπον
1003 2025 1224 2111 εἀρόχδησαν,
1247 2048 1309 2091 root
1334 2026 1370 2090 δὲ

260 2133 474 2252 ῥορειοτίραν
503 2133 610 2214 μερῶν
642 2125 658 2193 ό
686 2127 838 2211 βασιλεὺς
861 2125 1029 2249 ερελόβεοο
1052 2128 1093 2192 δι’
1114 2122 1242 2212 εόρεσεν
1263 2124 1372 2209 χιόνος

265 2255 320 2296 ναι
342 2229 467 2297 όδότοον
489 2234 644 2316 ψυχρῶν’·
679 2230 833 2314 depascit
854 2229 915 2313 γὰρ
940 2226 1043 2348 εἰχετο
1066 2225 1195 2351 τοότιρν,
1215 2228 1250 2292 τό
1272 2250 1371 2313 σεομα
1479 2284 1480 2291 ,

233 2324 235 2336 ’
266 2329 353 2398 κατὰ
371 2330 451 2398 πολό
474 2330 789 2418 δεαθερμοινόμενος.
835 2328 888 2396 διό
913 2330 1015 2396 reiro
1037 2352 1086 2397 τοι
1106 2354 1159 2394 ναι
1155 2326 1420 2414 η’ναμκόσθηνο

264 2433 323 2519 τὴν
346 2433 448 2520 δρμην
478 2434 661 2518 ἀλλαχόθεν
683 2438 816 2519 ποιῆσαι
843 2433 898 2499 καί
920 2433 1065 2519 φυλακην
1088 2423 1314 2518 ε’πιστῆσατ,“
1287 2453 1373 2514 moys

265 2523 362 2622 ᾤετο,
396 2535 451 2600 καί
477 2543 543 2613 τοῖς
563 2538 717 2611 ἐναντίοις
752 2535 948 2623 α’ντίπρριρον
971 2532 1119 2614 δόναμιν.
1172 2533 1291 2618 scirpi
1311 2534 1375 2612 μὲν

266 2637 433 2724 Φιλαρίτηι
465 2631 600 2717 πόλεμον
635 2632 765 2713 ἔνοπλον
798 2636 1017 2718 ἐγκατέλιπεν,
1052 2628 1153 2722 decepi
1175 2633 1210 2698 δὲ
1232 2630 1288 2696 καί
1305 2637 1375 2705 τοῖς

263 2954 314 2992 rer
333 2914 427 2991 contra
445 2937 642 3006 liomsnopoiin
670 2937 846 3005 proficiscens
871 2943 1029 3005 appareret,
1058 2951 1092 2988 ex
1109 2949 1162 3006 qun
1179 2937 1320 2991 descensio
1340 2933 1375 2989 ad

160 3040 169 3050 ·
265 3009 357 3064 ciliae
377 3011 508 3079 angustiis
527 3011 566 3074 iit,
585 3017 689 3062 motans
702 3011 860 3062 sententiam
881 3017 907 3061 et
927 3010 1003 3076 signa
1027 3009 1056 3058 iu
1075 3010 1182 3061 sinistro
1203 3024 1286 3061 cornu
1303 3024 1374 3061 con..

265 3084 379 3138 stitnens
399 3081 566 3134 oberrantem
586 3083 685 3133 dimisit
705 3082 852 3133 exercitum
874 3089 901 3132 et
921 3081 1056 3132 definitam
1074 3081 1144 3132 viam
1163 3098 1179 3134 a
1195 3082 1288 3134 dextra
1305 3096 1374 3149 pro-

265 3154 415 3219 cedentem,
436 3154 521 3205 douec
541 3153 610 3205 fama
629 3167 675 3205 eos
695 3168 830 3221 occupans
857 3152 963 3203 reduxit
982 3167 1041 3202 eum
1060 3153 1092 3204 ad
1111 3154 1180 3204 viam
1200 3169 1216 3204 a
1234 3169 1301 3221 rege
1319 3167 1374 3204 no.

263 3233 371 3278 vatam:
390 3226 578 3294 degredientes
597 3226 680 3292 igitur
705 3232 862 3292 praeruptas
881 3224 1007 3292 quasdam
1034 3231 1062 3274 et
1085 3226 1246 3292 praecipites
1265 3227 1325 3278 vics
1345 3226 1373 3275 in

166 3308 169 3314 ’
262 3297 397 3366 profundo
426 3297 487 3348 loco
506 3312 598 3365 regem
620 3303 707 3348 castra
731 3295 875 3348 habentem
899 3296 1049 3348 invenimus
1068 3296 1158 3363 ibique
1177 3298 1286 3363 primam
1304 3311 1374 3350 sen..

261 3370 374 3420 tentiam
399 3368 471 3420 malo
497 3368 659 3422 Graecorum
677 3367 828 3435 ingloriose
848 3367 1023 3419 reficientem.
1067 3367 1189 3420 dividens
1209 3369 1278 3420 eninr
1297 3367 1373 3420 biis..

261 3441 329 3492 riam
348 3441 494 3492 exercitum
520 3439 627 3491 tradidit
651 3439 811 3492 validiorem
837 3447 938 3506 partem
963 3437 1119 3503 Philareto‚
1144 3442 1203 3493 viro
1227 3439 1374 3491 militarem

242 3513 373 3562 'iactanti
393 3511 671 3576 circumspiciendum,
691 3513 764 3562 vitne
779 3518 867 3560 autem
885 3511 971 3577 turpis
986 3517 1013 3561 et
1030 3519 1181 3576 accusatae,
1201 3512 1288 3579 etqui
1308 3513 1372 3562 exi.

262 3584 316 3633 mie
335 3597 394 3632 eum
413 3580 515 3649 populo
534 3590 714 3649 pugnaverat,
733 3583 761 3631 in
781 3583 900 3633 maximis
919 3590 1007 3633 autem
1025 3583 1128 3634 reiecto
1149 3592 1176 3635 et
1191 3584 1317 3650 despecto
1341 3589 1372 3634 ut

261 3660 406 3720 parerat,
430 3660 518 3702 tamen
542 3667 596 3703 non
621 3651 771 3703 abstinente
790 3653 851 3718 his,
872 3654 919 3706 sed
937 3653 1078 3705 affectante
1101 3655 1241 3722 imperium
1259 3663 1372 3722 propter

264 3724 395 3774 avaritiae
415 3729 442 3772 et
459 3723 585 3775 vanitatis
603 3724 779 3790 propositum.

366 3811 455 3879 Atque
475 3811 542 3863 haec
567 3813 672 3881 quidem
692 3812 743 3865 hoc
758 3814 835 3866 modo
857 3815 927 3866 facta
945 3824 1015 3868 sunt.
1040 3815 1264 3883 septentrionales
1282 3823 1375 3868 autem

264 3891 355 3950 partes
372 3898 421 3935 rex
434 3885 578 3950 occupavit
591 3893 702 3951 propter
714 3895 847 3953 repertam
860 3889 950 3940 nivem
961 3894 987 3937 et
999 3902 1081 3955 aquas
1096 3887 1222 3956 frigidas:
1236 3889 1375 3954 impoten-

261 3964 305 4006 ter
325 3956 395 4006 enim
413 3955 554 4016 tenebatur
573 3956 615 4008 his
636 3972 732 4024 corpus
752 3959 797 4009 diu
816 3958 907 4010 calore
918 3959 1063 4025 perfusum
1101 3967 1245 4026 propterea
1264 3959 1376 4027 quidem

263 4028 343 4078 etiam
361 4034 469 4080 coactos
493 4036 535 4080 est
551 4029 678 4096 impetum
697 4029 805 4082 aliunde
825 4030 916 4082 iacere
936 4038 963 4080 et
981 4030 1141 4098 praesidium
1160 4033 1325 4084 constituere
1346 4039 1377 4082 ut
1436 4047 1441 4061 ¹

262 4099 369 4168 quidem
388 4099 524 4164 censebat,
543 4107 571 4150 et
588 4099 710 4153 hostibus
730 4103 890 4155 contrariam
908 4102 980 4167 vim,
1001 4110 1027 4153 et
1047 4100 1182 4155 Philaret‘o
1202 4102 1303 4154 bellurn
1325 4117 1377 4154 ar-

260 4186 363 4238 momm
380 4169 507 4245 reliquit,
532 4171 583 4223 sibi
601 4180 690 4226 nutem
708 4181 736 4225 et
755 4174 880 4240 quicum
900 4189 933 4226 eo
954 4182 1029 4228 erant
1043 4173 1145 4228 bellum
1168 4175 1238 4244 qnod
1257 4171 1377 4227 cnloco
