2967 4825
1468 85 1469 132 λ

229 215 304 289 eta
418 160 443 288 ⁵.
532 220 751 311 missimus
783 218 1041 287 inimicias

472 334 478 355 '

303 415 306 421 ·
330 385 415 447 Ἐπεί
430 355 475 447 'dt'
493 385 547 465 τῆς
567 385 749 464 σωματικῆς
771 373 926 464 τιμωρίας
959 384 1127 466 εἠοιήσατο
1165 383 1319 468 τίρύυοιαν

230 480 376 560 διδωκοδς
396 483 508 564 καιρὸν
530 482 622 569 ύργῇ,
647 485 701 545 καί
722 486 967 568 φιλανθρωπίαν
989 480 1187 566 συγκεράσας
1197 493 1260 559 τοῖς
1274 487 1329 550 α’ν.

229 589 400 668 θρωπίνοις
422 592 537 663 κακοῖς,
563 583 671 646 εἰσεῖδε
694 582 748 646 καί
769 579 848 667 πρὸς
878 581 933 666 την
955 579 1242 662 ἐπεισκωμάσασαν
1275 585 1331 648 λύ-

228 711 291 770 μην
312 687 352 748 ου’
371 680 432 766 πρύ
456 687 581 749 πολλῶν
602 682 723 748 τούτων
735 681 904 768 ἐνιαυτῶν,
925 686 979 749 καί
996 687 1253 769 διαφθείρουσαν
1275 684 1333 770 τήν
1468 739 1469 796 ,

228 785 316 864 τάξιν
333 789 393 868 Ιτῆς
415 786 479 850 τῶν
498 782 645 868 ύπηκύων
665 789 812 862 πίστεως,
835 789 889 848 καί
910 781 1065 868 σύγχυσιν
1076 786 1158 874 ου’τῇ
1181 788 1360 870 παρενεί-5
1468 825 1469 876 η

230 908 361 969 ρουσαν,
384 885 439 948 καί
460 885 518 968 τήν
540 883 707 967 βασιλικὴν
731 885 908 970 ύττηρεσίαν
929 890 975 960 είς
998 885 1135 968 α’πορίαν
1156 888 1211 950 καί
1230 909 1332 971 φρομ·

215 987 301 1070 Ιτίδιι
323 983 466 1068 χαλεπὴν
497 981 760 1067 περιβάλλουσαν.
805 987 858 1050 καί
876 983 937 1069 γύρ
963 985 1064 1067 ἔργοις
1096 986 1204 1060 αύτοῖς
1223 1011 1331 1068 μεμα-

230 1086 336 1170 θηκως
358 1085 401 1161 uic
423 1087 462 1170 τῇ
487 1089 573 1172 κοινῇ
595 1075 692 1171 φ’ύσει
714 1089 771 1149 τού
790 1084 867 1150 κατύ
894 1083 1016 1168 κινυρὸνΙ
1029 1091 1184 1168 βασιλέως
1196 1089 1332 1162 δουλεύ-
1468 1087 1469 1178 γ

231 1210 319 1264 ουτος
352 1189 407 1251 καί
433 1190 478 1272 τῷ
512 1190 570 1251 τού
594 1184 733 1270 μεγύλου
769 1191 926 1268 βασιλέως
949 1191 1003 1250 καί
1025 1189 1229 1270 δημιουργοῦ
1267 1193 1331 1252 τοῖν
1468 1183 1469 1214 ³

230 1283 380 1353 ἁπάντων
408 1285 624 1370 προστάγματι
647 1291 709 1352 τῶν
739 1290 865 1352 ἐνθένδε
895 1293 1155 1369 μεθισταμένου,
1184 1291 1256 1353 ἀνθ’
1287 1281 1330 1374 οἷν
1343 1305 1378 1358 10

230 1383 367 1476 ὄφειλον
394 1387 411 1449 ὅ
439 1389 509 1467 μετ’
532 1387 631 1453 αύτδν
650 1388 802 1471 βασιλεύς
829 1388 902 1464 τούς
924 1389 1200 1472 εύαρεστήσαντας
1222 1392 1330 1478 ἐκείνῳ
1468 1387 1469 1400 ³

229 1495 328 1576 μέχρι
351 1489 477 1569 παντός,
499 1486 627 1572 κοίτην
648 1489 958 1574 εύγνιομοσύυηντῆς
981 1490 1124 1566 δουλείας
1146 1491 1332 1571 ἑνδειξαμὲ-
1468 1567 1469 1578 η

230 1615 303 1665 νους
327 1592 382 1654 καί
405 1587 440 1652 τύ
463 1592 518 1673 τῆς
541 1590 769 1674 παραστάσεως
793 1595 926 1671 α’νιλινές,
949 1593 1004 1655 καί
1023 1590 1079 1654 τὸν
1101 1589 1251 1655 καύσωνα
1275 1594 1330 1674 τῆς
1468 1583 1469 1672 λ

230 1687 354 1776 ἡμέρας
373 1695 429 1755 καί
448 1691 502 1755 τόν
525 1689 665 1775 παγετὸν
679 1696 735 1774 τῆς
758 1691 867 1766 νυκτδς
896 1689 1132 1776 α’νατλήσαντας
1157 1701 1227 1766 ταῖς
1250 1717 1334 1756 παν·

230 1789 340 1874 νύχοις
361 1791 416 1856 καί
433 1788 639 1876 πανημερίοις
661 1795 819 1879 φροντίσι,
842 1795 895 1876 τῆς
915 1794 1134 1876 προσηκούσης
1147 1791 1334 1876 ηηδεμονίας
1345 1816 1380 1868 15

230 1891 286 1957 καί
305 1896 523 1977 προσπαθείας
549 1897 725 1975 καταξιούν,
750 1899 805 1959 καί
827 1894 869 1970 οὖς
892 1891 1035 1976 α’γαθούς
1050 1893 1182 1967 δούλους
1206 1893 1263 1956 καί
1279 1919 1334 1957 ni·

230 1992 326 2068 στούς
347 1994 508 2074 εύποιεῖν,
537 1999 592 2058 καί
618 1993 674 2079 την
696 1994 802 2080 φλόγα
824 1999 878 2078 τῆς
903 1998 957 2058 τού
979 1994 1134 2060 δεσπότου
1155 1991 1334 2077 στερήσεως

174 2182 176 2185 Ι
230 2099 406 2176 βασιλικοῖς
428 2097 626 2178 καταψύχειν
648 2095 903 2181 φιλοτιμήμασι,
936 2098 990 2158 καί
1010 2093 1061 2159 τὸν
1081 2099 1199 2180 θρῆνον
1224 2094 1334 2158 αύιαῖν

231 2203 415 2278 μεταποιεῖν
437 2199 483 2270 εἰς
507 2195 541 2260 τύ
565 2202 784 2280 χαριέστερον,
806 2196 910 2280 βαρύς
931 2198 1052 2276 μᾶλλον
1064 2196 1169 2271 αύτοῖς
1191 2196 1334 2281 ύναφαί.

232 2321 331 2376 νεται,
354 2298 408 2361 καί
431 2306 499 2372 ταῖς
524 2300 648 2374 ου’σιλιις
670 2300 775 2363 αύτιδν
796 2305 920 2374 πολλοῖς
942 2296 1057 2380 ἱδροδσι
1077 2299 1132 2362 καί
1146 2296 1383 2373 adsonem-20

233 2399 416 2481 νιτηθείσαις
439 2395 639 2481 ἐπιβουλεύει
661 2402 871 2487 φιλοκερδεῖς,
903 2403 960 2464 καί
981 2388 1045 2463 ἱπου
1069 2400 1125 2463 καί
1146 2424 1234 2475 τινας
1260 2395 1337 2463 τού·
1468 2466 1469 2497 ,

232 2524 296 2564 των
316 2498 506 2583 ὑπερορίους
528 2500 685 2583 ποιεῖ,μὴ
711 2502 751 2565 τὰ
775 2505 809 2565 ἑν
830 2506 904 2565 ποσί
924 2503 1081 2585 καθορῶν,
1101 2502 1156 2565 καί
1175 2498 1210 2564 τὸ
1232 2498 1336 2585 παρύ-
1468 2498 1469 2529 ¹

235 2602 350 2685 δειγμα
376 2602 489 2678 δεδιώς
512 2600 556 2677 ὥς
578 2601 634 2667 καί
653 2605 698 2679 εἰς
720 2598 832 2687 αύτύν,
851 2606 971 2684 μᾶλλον
994 2604 1037 2667 δὲ·
1052 2601 1125 2677 τούς
1148 2602 1200 2665 ύπ’
1224 2589 1334 2687 αύτύν,

336 2916 478 2985 Postquam
502 2924 589 2968 autem
609 2918 728 2986 corporis
748 2930 852 2985 poenae
869 2918 1026 2985 prospexit,
1055 2914 1206 2968 concedens
1231 2923 1335 2985 tempus

236 2990 293 3042 irse
314 2997 341 3041 et
358 2989 546 3041 humanitatem
565 2990 712 3041 admiscens
728 2989 849 3042 humanis
869 2990 956 3052 malis,
974 2990 1107 3055 spectavit
1126 2988 1251 3040 etiamad
1270 3005 1336 3056 per.

235 3062 344 3126 πλαίσια,
365 3076 435 3128 quae
453 3065 573 3129 grassata
591 3071 650 3113 erat
666 3076 720 3113 non
737 3061 828 3113 multis
848 3070 909 3113 ante
929 3062 1005 3112 annis
1026 3068 1052 3111 ct
1071 3060 1198 3126 perdebat
1217 3061 1337 3112 ordinem

234 3134 298 3185 fidei
315 3133 515 3196 subiectorum,
548 3141 574 3183 et
601 3134 785 3185 confusionem
815 3134 839 3184 ei
859 3133 1021 3187 admiscebat
1045 3139 1072 3181 et
1090 3132 1180 3198 regios
1199 3133 1337 3184 ministros

236 3206 266 3255 iu
283 3204 476 3256 dubitationem
507 3213 535 3255 et
554 3219 642 3256 curam
661 3205 799 3256 difficilem
819 3206 952 3256 coniecit:
985 3204 1083 3254 etenim
1102 3204 1167 3268 ipsis
1187 3203 1267 3254 rebus
1288 3218 1338 3255 co.

234 3284 388 3344 μονεντε,
411 3277 541 3326 communi
559 3285 671 3327 naturae
696 3292 762 3345 rege
781 3278 942 3343 temporario
963 3274 1100 3327 serviente
1126 3279 1205 3325 et'ex
1224 3276 1337 3341 imperio

233 3349 324 3415 magni
342 3348 416 3416 regis
436 3355 463 3397 et
484 3349 613 3400 creatoris
635 3348 750 3399 omnium
770 3348 838 3399 hanc
853 3356 953 3400 teriam
969 3346 1151 3413 relinquente,
1173 3362 1231 3397 cum
1253 3347 1338 3399 debe.

143 3426 147 3430 ’
179 3428 182 3434 ’
233 3426 277 3469 ret
295 3421 441 3492 prosimus⁸
460 3433 510 3469 rex
532 3428 623 3488 gratos
647 3418 688 3470 illi
708 3421 815 3471 omnino
837 3428 863 3469 et
882 3420 926 3489 qui
945 3420 1043 3470 bonum
1066 3418 1180 3469 animum
1199 3420 1339 3470 servitutis

235 3487 410 3542 ostenderent
430 3498 457 3542 et
474 3492 702 3557 perseverantiam
728 3493 860 3542 immotam
881 3499 907 3541 et
925 3498 1026 3541 aestum
1046 3490 1099 3540 diei
1129 3496 1155 3539 et
1181 3490 1266 3558 frigus
1285 3505 1338 3542 no.

234 3562 284 3612 otis
304 3564 427 3629 perpessi
445 3570 507 3614 sunt
523 3564 661 3613 nocturnis
687 3571 713 3613 et
732 3563 833 3613 diuinis
862 3563 949 3627 curis,
981 3560 1178 3612 accommodata
1200 3564 1340 3613 curatione

234 3640 263 3683 et
280 3632 473 3684 benevolentia
500 3634 605 3702 dignari
634 3642 714 3701 atque
742 3642 773 3683 ut
803 3634 830 3684 in
847 3634 933 3685 bonos
951 3647 1044 3700 servos
1073 3641 1099 3683 et
1119 3632 1185 3685 fidos
1205 3632 1341 3686 beneficia

235 3703 361 3753 conferre
385 3712 412 3753 et
430 3702 557 3755 dammam
577 3703 724 3755 orbationis
743 3705 843 3755 domini
862 3707 945 3773 regiis
963 3704 1126 3771 refrigerare
1145 3705 1238 3769 donis,
1258 3714 1340 3775 atque

235 3774 441 3826 tamentationes
461 3788 554 3827 eoram
573 3784 680 3827 vertere
701 3777 857 3845 ingratius,
879 3794 936 3827 eum
956 3790 1066 3845 gravem
1087 3778 1172 3844 magis
1200 3778 1233 3829 iis
1254 3793 1341 3845 appa.

235 3849 343 3896 rere‘et
360 3845 438 3898 bouis
459 3861 551 3899 eorum
567 3847 651 3898 multo
670 3849 767 3900 sudore
787 3856 814 3899 et
832 3848 924 3900 labore
943 3855 1110 3916 recuperatis
1130 3848 1251 3900 insidiam
1271 3848 1342 3899 lucri

235 3924 424 3983 appetentem,
447 3926 526 3988 atque
553 3921 630 3971 ctiam
658 3921 784 3988 quosdam
817 3920 910 3971 horum
941 3922 967 3971 in
999 3920 1108 3971 exilium
1133 3920 1259 3984 mittere,
1287 3934 1342 3970 non

236 3997 358 4054 prompta
385 3993 594 4058 conspicientem
615 4000 643 4045 et
668 3992 818 4059 exemplum
844 3994 998 4055 timentem,
1020 3993 1097 4044 etiam
1128 3992 1265 4058 adipsum
1282 4007 1343 4041 ma.

237 4058 337 4127 gitque
367 4062 399 4112 ad
428 4062 562 4115 subiectos
592 4064 705 4115 relatum
731 4064 920 4132 apertezboc
949 4064 1020 4115 clarc
1046 4079 1213 4134 cognoscens
1243 4062 1346 4117 studuit

240 4128 361 4184 morbum
382 4131 452 4184 hunc
473 4136 546 4186 utin
565 4135 647 4189 diram
666 4146 788 4203 agentem
810 4135 993 4189 difficultatem
1014 4139 1119 4203 sistere,
1140 4146 1168 4187 et
1183 4135 1273 4206 legem
1294 4150 1346 4205 op-
