2967 4825
541 253 749 326 HISTORIA.
1125 250 1195 327 15³
1271 296 1273 302 ·

108 429 225 496 istam
257 429 432 514 Τουρκικδν
460 428 674 515 δφελόμενος,
710 428 864 515 παρήχθη
888 432 948 513 μὲν
970 433 1038 495 κατ’
1062 422 1139 512 ὅφιν
1157 432 1199 519 τῷ

106 540 230 616 βασιλεῖ
254 533 440 613 δεδεμένος,
466 539 602 627 τιμωρίᾳ
632 535 659 597 δ’
691 536 860 618 ἐψηφίσθη
893 534 951 598 τοῦ
972 528 1198 617 ἁμαρτήματος

106 634 347 719 ὑπερφέρουσα·
404 628 441 695 ου’
463 634 525 716 γάρ
547 636 580 699 έν
602 633 766 719 χρήμασιν
795 634 813 717 ἡ
837 636 933 719 ζημία
957 622 1105 717 διώριστο
1129 632 1198 697 α’λίί

108 738 139 797 έν
164 732 251 820 ῥινὸς
266 735 403 820 ἐ’κτομῇ.
447 730 547 797 πολλοὶ
571 737 606 799 δὲ
630 738 906 819 παρακαλέσαντος
928 736 987 799 τοῦ
1009 728 1217 819 α’νθριάπου,Ι

83 832 103 889 5
107 837 158 899 καί
179 834 283 899 πάντα
305 832 344 899 τά
369 830 484 900 ἑαυτοῦ
504 838 692 918 προεμένου,
716 839 771 901 καί
788 839 1047 920 προβαλλομένου
1068 834 1199 917 μεσίτην

105 937 159 1020 τήν
187 933 365 1000 πάνσεπτον
390 934 495 1000 εἰκόνα
527 940 583 1019 τῆς
618 928 825 1020 πανυμνήτου
852 937 1017 1021 δεσποίνης
1046 933 1194 999 θεοτὸκου

104 1040 156 1121 τής
176 1039 466 1121 Βλαχερνιτίσσης,
497 1031 567 1121 ἥτις
594 1034 702 1102 εἰώθει
723 1046 787 1111 τοῖς
814 1044 934 1113 πιστοῖς
954 1040 1141 1119 βασιλεῦσιν
1164 1035 1199 1100 έν

104 1140 317 1221 έκστρατείαις
337 1136 380 1211 εἰς
401 1133 650 1223 άπροσμάχητον
666 1130 763 1201 ὅπλον
780 1140 1121 1221 συνεκστρατεύεσθαι,
1144 1137 1199 1200 οδκ

104 1240 200 1323 εἰσήει
232 1231 332 1315 οἶκτος
360 1242 402 1325 τῷ
430 1244 573 1321 βασιλεῖ,
596 1239 664 1303 ἀλλ’
687 1239 755 1302 οὐδ’
786 1236 883 1315 αἰδώς
904 1241 957 1322 τῆς
978 1241 1012 1303 ἐκ
1032 1242 1089 1303 τοῦ
1111 1241 1200 1303 θείου

23 1388 24 1397 ,
70 1341 317 1420 λθείκονίσματος
348 1340 499 1415 α’συλίας·
551 1340 687 1424 ὁρῶντος
721 1342 750 1404 δ’
784 1340 885 1405 odacri
915 1344 971 1404 καί
994 1340 1204 1421 πάντων,καί

104 1438 200 1521 αἰνῆς
223 1445 279 1523 τῆς
302 1438 418 1515 εἰκόνος
438 1442 694 1526 βασταζομένης,
723 1438 894 1525 α’πετμήθη
916 1438 974 1525 τήν
1004 1440 1075 1527 ῥῖνα
1098 1440 1113 1507 ὁ
1134 1442 1202 1505 δεί-

95 1544 206 1625 λαιος,
236 1537 354 1624 κράξας
379 1546 461 1625 μέγα
491 1544 546 1605 καί
576 1538 724 1621 στενάξας
756 1539 790 1605 τδ
813 1536 938 1624 βύθιον.
981 1540 1052 1607 τότε
1075 1539 1113 1627 δή
1134 1537 1202 1607 τότε

102 1638 238 1727 μεγάλην
260 1639 337 1725 ήμῖν
358 1640 490 1708 έσεσθαι
524 1641 581 1728 τήν
612 1646 647 1707 ae
667 1648 726 1707 aod
760 1645 848 1708 θείου
871 1647 997 1725 νέμεσιν
1021 1665 1202 1729 προωττευ-

22 1739 23 1748 ’
103 1741 204 1828 σάμην
227 1744 334 1821 αὐτός.
948 1722 953 1740 ’

69 1867 95 1919 15
194 1839 452 1929 Ἀντεισαγαγών
488 1849 523 1913 δὲ
548 1852 593 1925 εἰς
620 1845 654 1913 τδ
688 1839 770 1912 άστυ
801 1851 922 1931 πλῆθος
946 1843 1125 1929 Ῥωμαϊκόν
1150 1843 1205 1909 καί

102 1945 274 2031 στρατηγὸν
297 1944 476 2031 ἐπιστήσας,
502 1952 679 2032 ἐπανῆλθεν
708 1951 755 2024 εἰς
777 1947 833 2034 τήν
866 1944 1081 2035 παρεμβολήν,
1103 1940 1202 2011 παιά-

102 2071 163 2122 νοις
193 2052 250 2113 καί
282 2049 459 2134 εὐφημίαις
487 2053 543 2114 καί
563 2061 727 2134 νικητικοῑς
758 2050 984 2136 έπιφιονήμασι
1003 2048 1202 2130 σεμνυνόμε-

102 2173 160 2223 νος.
201 2154 243 2234 πή
263 2153 292 2213 δ’
311 2150 463 2234 ἐπαύριον
482 2154 648 2233 μέλλοντος
678 2153 780 2216 αὐτοῦ
802 2147 1007 2237 συνθήμασιν
1030 2145 1201 2235 ἐγγράφοις

101 2249 152 2313 καί
172 2250 300 2339 δαπάνη
321 2255 386 2315 τῶν
407 2249 496 2316 ἔνδον
516 2254 739 2335 κατοχυρῶσαι
774 2249 807 2315 τὸ
834 2252 990 2337 φρούριον
1011 2249 1067 2314 καί
1087 2250 1200 2314 ου’τίκα

21 2346 22 2410 i
67 2354 175 2438 ιοπρός
196 2348 232 2417 τὸ
255 2355 360 2417 Χλίατ
383 2351 604 2438 ἀναδραμεῖν,
638 2352 730 2440 φήμη
754 2378 802 2428 τις
824 2354 1012 2439 ε’πεφοίτησε
1033 2352 1201 2432 πολεμίους

21 2486 22 2537 ι
103 2457 196 2519 ποθὲν
219 2457 405 2540 έπιτεθήναι
426 2465 491 2530 τοῖς
512 2457 557 2530 εἰς
571 2452 628 2538 τήν
649 2457 737 2518 λείαν
755 2456 874 2534 ἐξιοῦσι
896 2453 1098 2538 στρατιωτῶν
1117 2454 1202 2534 ὑπη-

21 2590 22 2599 ¹
103 2562 206 2640 ρέταις
228 2560 571 2642 προσαπαγγέλλουσα,
593 2560 646 2621 καί
667 2555 890 2639 διαταράττειν
918 2553 975 2618 καί
994 2551 1202 2638 κατατρέχειν

21 2698 22 2745 3
103 2658 230 2734 αὐτούς.
274 2656 462 2745 φθανσιίσης
484 2658 595 2745 δὲτὴν
616 2655 728 2744 ἑτέραν
757 2641 877 2744 ἑτέρας,
899 2652 988 2746 ηἰήθη
1011 2655 1027 2722 o‘
1049 2652 1202 2740 βασιλευς
1268 2700 1272 2708 1

170 2847 197 2923 [η.
224 2844 412 2919 augeantur?
503 2847 544 2900 13.
563 2843 834 2920 προωπτευσοίμηνλ

104 3034 189 3087 poena
209 3027 296 3072 autem
316 3027 411 3072 statuta
431 3028 471 3073 est
487 3027 598 3087 peccato
617 3021 719 3071 maiora
746 3020 924 3088 nequeenim
951 3017 1050 3073 mulcta
1069 3017 1203 3085 punieba.
1261 3036 1263 3052 ·

104 3100 152 3158 tur,
172 3093 219 3142 sed
248 3091 357 3144 naribus
375 3092 577 3144 abscindendis:
597 3108 655 3142 cum
675 3107 740 3143 vero
763 3092 873 3160 multum
890 3099 1014 3158 precatus
1035 3097 1106 3142 essct
1125 3089 1203 3141 bomo

105 3172 130 3214 et
147 3164 237 3215 omnia
256 3180 303 3214 sua
323 3165 470 3229 proiiceret
488 3174 515 3216 ct
533 3165 705 3231 protenderet
723 3165 866 3231 imaginem
886 3163 1133 3214 reverendissimam
1152 3161 1204 3212 do.

104 3236 186 3287 minae
215 3233 423 3287 blachernensis
448 3237 490 3286 dei
518 3237 607 3286 matris
632 3236 790 3303 hymnisque
816 3234 984 3298 celebratae,
1011 3249 1079 3302 quac
1099 3232 1205 3298 quidem

104 3306 208 3358 solebat
230 3321 288 3357 cum
308 3306 432 3358 fidelibus
452 3307 560 3375 regibus
586 3308 613 3358 in
639 3307 853 3375 expeditionibus
878 3307 952 3375 quasi
973 3307 1101 3358 invictum
1123 3302 1204 3355 telum

56 3389 60 3396 ·
104 3379 256 3444 proticisci,
282 3385 370 3430 tamen
394 3394 448 3430 non
467 3380 578 3431 incessit
595 3380 778 3430 misericordia
805 3373 915 3446 regem,
935 3377 1033 3428 sedne
1052 3375 1206 3427 reverentia

105 3451 208 3517 quidem
245 3451 393 3503 sanctitatis
427 3452 534 3502 divinae
565 3452 704 3518 imaginis:
743 3452 771 3500 in
801 3458 945 3518 conspectu
976 3457 1063 3500 autem
1095 3447 1152 3497 eius
1179 3451 1207 3496 et

105 3524 219 3573 omnium
244 3524 417 3589 usqueadeo
436 3524 519 3590 ipsius
543 3523 666 3593 imaginis
684 3531 771 3574 tactae
790 3523 871 3573 miser
889 3521 997 3574 naribus
1015 3520 1135 3586 privatus
1155 3523 1204 3581 cst,

105 3609 225 3662 magnum
254 3593 352 3644 tollens
386 3593 528 3645 clamorem
559 3603 586 3645 et
613 3610 647 3645 eu
672 3595 727 3646 alto
753 3603 863 3662 pectore
894 3594 1039 3660 suspirans.
1066 3597 1120 3641 tum
1139 3602 1205 3642 vero

107 3666 226 3732 equidem
244 3680 364 3734 magnam
383 3660 459 3717 nobis
479 3665 607 3718 ultionem
627 3667 710 3718 adeo
731 3675 887 3720 eventuram
906 3681 965 3717 esso
984 3664 1119 3716 divinatus
1138 3677 1204 3712 sum.

175 3755 261 3818 Quum
280 3771 345 3806 vero
362 3755 522 3808 Graecorum
541 3757 735 3808 multitudinem
754 3759 781 3808 in
801 3756 891 3808 urbem
909 3756 1057 3807 induxisset
1067 3761 1094 3803 et
1112 3753 1205 3804 ducem

106 3828 137 3877 iis
155 3826 347 3892 praefecisset,
373 3830 400 3879 in
420 3836 506 3881 castra
524 3829 618 3891 rediit,
644 3829 790 3895 paeanibus
811 3837 838 3878 et
856 3827 976 3878 cantibus
995 3843 1027 3877 nc
1047 3822 1206 3876 carminibus

107 3896 307 3964 triumphalibus
335 3899 505 3951 celebratus:
523 3908 631 3966 postero
651 3908 738 3951 autem
756 3900 801 3960 dic
823 3914 880 3950 cum
908 3897 1074 3964 pactionibus
1100 3895 1208 3961 scriptis,

107 3985 136 4018 ac
153 3968 299 4036 largitione
319 3970 466 4021 incolarum
486 3971 625 4022 castellum
651 3972 701 4023 sibi
736 3969 881 4021 conciliare
909 3977 935 4019 et
961 3967 1047 4038 statim
1072 3965 1206 4020 chirstum

107 4042 206 4091 reveni
227 4040 321 4105 vellet,
342 4043 410 4093 lama
429 4043 590 4108 percrebuit,
611 4043 703 4094 hostes
722 4040 821 4092 alicubi
841 4042 942 4091 instare
961 4039 1047 4090 servis
1067 4039 1137 4088 inter
1153 4037 1207 4086 mi.
1302 4041 1304 4045 '
1373 4093 1380 4109 Ι

107 4111 167 4163 lites
185 4113 329 4179 praedandi
348 4130 428 4166 causa
446 4116 563 4182 egressis
591 4130 692 4184 eosque
716 4114 873 4180 dispergere
896 4128 929 4162 ao
952 4110 1074 4180 perdere.
1112 4109 1206 4160 nuntio

109 4188 193 4238 auteur
211 4185 305 4236 nuntio
324 4185 441 4240 instante
459 4201 507 4237 rex
533 4187 624 4239 ducem
644 4184 741 4240 sultani
762 4185 890 4253 quendam
910 4197 968 4238 cum
989 4182 1206 4272 exerc‘pusparta
