2967 4825
575 303 817 391 rsss'rsrro.
1203 333 1238 391 rx

69 478 82 486 ⁸
138 492 227 565 dem
249 488 497 596 bibliothecae
524 494 717 591 catalogus,
745 518 767 564 a
792 494 869 564 riro
884 490 996 564 docto
1012 490 1151 564 Miliero
1168 514 1238 563 nu-

137 644 208 715 per
235 617 353 689 editus
368 618 405 706 ¹).
460 656 469 669 ν

243 742 404 839 {sigitur
429 741 557 835 codex,
583 723 925 849 decimiquarthnt
938 741 1100 836 ridetur,
1113 744 1239 838 seculi,

141 868 231 938 olim
259 868 505 954 bibliothecae
531 868 700 940 Matthaei
729 866 909 963 Danduli,
944 868 1050 940 initio
1086 891 1130 940 ac
1159 867 1236 941 fine

140 990 303 1085 mutilus,
329 992 397 1063 fert
423 993 461 1063 in
488 992 607 1064 fronte
630 991 693 1065 sed
727 1017 840 1066 mann
871 993 1069 1064 recentiori
1104 981 1239 1065 lemma

142 1116 250 1187 illud:
277 1116 437 1213 Μιχαὴλ
463 1116 735 1187 Ἀτταλειάτου
757 1117 932 1215 χρονικὸν
957 1116 1150 1217 ἀκέφαλον
1176 1115 1240 1186 καὶ

140 1240 358 1325 ἀτέλεστον,
386 1240 461 1312 α’πὸ
487 1239 549 1324 τῆς
575 1241 770 1339 βασιλείας
788 1243 950 1350 Μιχαὴλ
974 1238 1043 1313 τοῦ
1068 1242 1240 1339 Τραυλαῦ
1269 1301 1276 1318 ,
1358 1256 1364 1260 ’

141 1364 257 1461 μέχρι
282 1362 345 1449 τῆς
370 1361 564 1463 βασιλείας
590 1367 751 1465 Μιχαὴλ
777 1365 846 1437 τοῦ
870 1365 1018 1449 Δουκός.

219 1586 223 1593 1
251 1490 353 1563 Unde
380 1516 509 1563 omncs
536 1492 609 1563 fere
636 1494 672 1563 in
692 1517 852 1564 errorem
877 1492 1018 1564 inducti
1042 1510 1137 1568 sunt.
1166 1497 1241 1569 Do·
1320 1578 1328 1583 ,

142 1630 224 1688 ctus
249 1628 371 1687 tamen
399 1616 549 1713 quidam
574 1641 780 1716 anonymus
805 1619 959 1717 margini
974 1620 1164 1719 adscripsit
1175 1647 1243 1694 an·

142 1741 372 1813 notationem
406 1742 520 1813 illam:
555 1742 660 1836 „Non
695 1756 731 1814 te
768 1732 955 1842 decipiant
985 1747 1242 1844 inscriptiones

143 1865 454 1964 appositae,.sed
486 1866 611 1938 conicr
644 1867 812 1940 codicem
846 1870 946 1941 hunc
978 1895 1073 1942 cumx
1094 1870 1242 1970 Georgii

143 1990 301 2064 Cedreni
329 1993 519 2063 annalibus
555 1993 809 2089 graecolatinis
834 1995 1017 2092 impressis
1040 1997 1242 2081 basileaea
1335 2072 1338 2080 ,

142 2142 227 2214 pag.
242 2113 317 2187 lttlt
344 2118 437 2189 linea
463 2118 590 2189 ultima
616 2118 713 2189 illius
734 2120 922 2213 editionis,
948 2134 984 2191 et
1009 2120 1151 2193 ridebis
1183 2124 1242 2194 in-

144 2242 275 2339 primis
308 2244 369 2315 hie
396 2244 522 2315 haberi
550 2244 714 2315 ultimam
741 2258 882 2341 partem
918 2245 1093 2322 historiae
1121 2246 1241 2342 illius,
1283 2263 1286 2266 “
1371 2308 1387 2323 .

146 2369 333 2440 sciliceta
361 2368 483 2441 medio
519 2360 676 2467 imperio
703 2369 888 2441 Michaelis
915 2371 1016 2442 Balbi
1047 2396 1164 2468 usquc
1196 2369 1245 2444 ad

146 2493 278 2588 finem,
305 2519 415 2591 quem
432 2494 545 2566 finem
566 2494 689 2567 videre
707 2494 921 2572 esstotoor
936 2497 1068 2594 pagina
1081 2495 1243 2571 secunda
1278 2538 1279 2541 ¹

146 2621 258 2693 huius
283 2619 441 2692 codicis·
495 2620 567 2692 Sed
586 2645 627 2691 ea
654 2645 734 2718 pag.
760 2618 921 2693 secunda
951 2621 1058 2693 huius
1090 2622 1152 2694 fot.
1169 2624 1241 2696 aot

145 2747 316 2843 sequitur
339 2746 524 2818 Michaelis
549 2745 745 2819 Attaliotae
778 2745 825 2816 ad
853 2747 1111 2843 imperatorem
1135 2749 1244 2821 Rota-

86 2875 90 2889 “
147 2872 284 2944 niatem
308 2894 377 2966 pro
404 2871 553 2942 historia
581 2869 738 2965 perlecta
772 2895 882 2966 quam
915 2871 1058 2969 scripsit
1090 2870 1244 2969 epistola

145 2993 451 3089 dedicatoriapet
477 2995 621 3068 rotato
651 2995 811 3065 historia.
839 2995 1050 3091 imperfecta
1071 2998 1244 3093 utrinque

147 3136 216 3214 est,
229 3124 253 3206 2ὴ
280 3123 417 3193 scilicet
435 3123 488 3192 ab
508 3121 637 3192 ultimo
665 3120 821 3216 imperio
841 3120 1026 3192 Michaelis
1039 3122 1250 3219 Paphlago*

150 3247 350 3347 nisusque
377 3245 423 3317 ad
450 3246 661 3317 Michaelem
679 3245 835 3338 Ducam,
862 3246 920 3316 cui
947 3247 1116 3317 successit
1138 3232 1246 3320 Nice·

149 3372 291 3469 phorus
318 3373 543 3464 Botaniates,
572 3381 646 3467 quo
673 3383 841 3466 tempore
875 3370 1041 3441 floruisse
1066 3370 1246 3468 probatur

148 3497 212 3570 hio
239 3497 396 3594 scriptor
423 3498 486 3593 qui
513 3497 565 3567 sic
591 3497 729 3567 lacertis
755 3493 802 3566 ad
825 3520 893 3578 nos
918 3493 1120 3592 pervenit.“
1169 3495 1245 3569 lni·
1326 3520 1327 3523 ’
1434 3522 1467 3589 7

117 3715 120 3723 Ι
146 3624 242 3695 tium
268 3622 443 3695 historiae
455 3609 641 3693 Attaliatac
669 3634 704 3691 et
714 3621 1116 3721 cuiusqueparagraphi
1125 3623 1246 3721 prima
1300 3674 1312 3680 -

138 3778 424 3804 'manua—uuam

252 3862 281 3932 t)
302 3860 451 3942 datalogue
469 3860 515 3911 des
536 3857 609 3912 MSS.
629 3874 707 3926 greca
735 3859 768 3910 dc
793 3859 819 3910 la
844 3829 1033 3927 bibliothtique
1057 3859 1090 3910 dc
1109 3857 1242 3917 i’Escuris

147 3973 198 4028 prr
216 3955 248 4012 E.
271 3958 369 4018 Miller.
407 3955 480 4009 Paris
503 3956 568 4007 18:18
586 3971 611 4022 p.
628 3956 684 4008 136.

250 4059 280 4126 2)
301 4054 379 4108 lnitio
400 4055 505 4106 unicum
527 4052 619 4104 folium
639 4053 733 4104 deesse
747 4053 879 4104 ridetura
897 4052 986 4104 verbis
1005 4045 1035 4105 ri
1051 4053 1098 4120 τῆς
1116 4055 1246 4128 ἱστορίας
1347 4045 1355 4049 ‘

152 4193 160 4206 .
182 4192 188 4204 .
210 4191 218 4206 .
237 4153 269 4205 ad
290 4152 372 4204 verba
391 4146 507 4222 Μιχαὴλ
528 4146 635 4210 Aornis
659 4149 708 4203 rori
725 4147 951 4220 onernrotiol.
976 4148 1026 4200 168
1044 4150 1145 4203 codicis
1166 4149 1246 4204 Cois-

147 4251 253 4304 liniani.
290 4235 296 4256 ³
