2967 4825
266 288 337 386 reo
559 280 780 359 arcaturis
807 280 1066 356 turturum

231 480 234 487 ·
261 448 379 535 πολλην
400 457 471 539 τοϊς
501 451 739 536 πειραζομένοις
772 435 970 535 ’παρηγορίαν
1000 446 1162 525 ἐνέσταξεν
1189 434 1278 531 (lurp
1301 463 1366 527 γαρ

263 539 302 619 ἐν
325 574 386 629 σις’
404 557 460 617 καί
481 550 688 636 πειρασθιίη,
710 548 769 615 οέκ
792 546 833 615 ἐν
854 558 921 625 τοῖς
953 543 1064 613 τούτου
1085 550 1192 633 κακοίς
1215 566 1368 627 παρισω-

260 659 333 742 θείη
365 658 482 739 ποτέ)·
535 652 552 717 ἐ
579 655 615 718 δέ
647 651 705 737 τὴν
735 654 902 735 βασιλείαν
926 644 1168 733 διαδεξάμενος,
1188 642 1213 743 οι
1245 646 1366 709 τούτου

260 754 412 842 προγονὸς
434 754 587 839 Maxentii,
618 755 677 839 τὴν
709 756 773 819 τοὸν
789 749 955 834 Ῥωμαίων
976 750 1082 833 α’ρχὴν
1112 748 1368 833 περιεζωσμένος

190 872 197 887 ’
260 853 398 941 ἐπιεικής
420 880 467 931 τις
502 853 625 937 ἐδόκει,
653 854 708 921 καί
734 858 836 939 γέροον
867 856 900 918 ἐν
921 853 1003 927 νέοις
1033 848 1144 915 διὰτὸ
1171 850 1397 933 παρειμένονῖν

260 962 315 1025 καί
339 954 464 1024 ἆπαλέν
497 959 664 1042 ἐλογίζετο.
715 958 929 1040 προσελάβετο
949 978 1010 1038 γαρ
1043 955 1106 1017 τῶν
1128 946 1245 1016 κοινοῖν
1262 964 1369 1031 πραγ-

217 1086 223 1092 ·
258 1062 369 1143 μα’των
390 1058 551 1183 έιοικητην
572 1052 673 1143 ονδρα
704 1059 789 1177 λόγιρ
807 1081 860 1123 και
857 1054 995 1181 πρρίξει
1016 1079 1079 1119 τιον
1099 1054 1225 1117 πολλῶν
1248 1052 1370 1137 διαφέ-

261 1185 369 1246 ροντα,
392 1160 446 1226 καί
464 1156 590 1245 γνώμης
611 1161 807 1247 περιχαροῦς
828 1163 884 1225 καί
914 1159 1029 1241 α’ρετῆς
1054 1152 1169 1230 ἱκανῶς
1189 1152 1370 1249 α’νιεχόμε-

206 1250 213 1260 *
262 1286 336 1341 νον,
358 1263 535 1331 καίπᾶσιν
557 1259 675 1348 ἱλαρῶς
698 1260 974 1347 προσφερόμενον,
997 1252 1149 1343 ἀρχιερέα
1175 1244 1236 1337 μέν
1257 1254 1310 1339 τῆς
1334 1254 1371 1318 ἐν

260 1367 339 1452 Σιλλη
353 1367 522 1451 καθολικῆς
532 1366 696 1450 ἐκκλησίας
708 1359 903 1447 ἐπάρχοντα,
916 1357 974 1445 τὴν
987 1357 1116 1445 πρώτην
1125 1359 1295 1444 προεδρίαν
1304 1356 1370 1421 τοῦν
1381 1348 1418 1423 1d

261 1467 546 1586 πρωτοσυχκέλλοον
570 1468 771 1548 ἐπέχονταμ
781 1462 927 1549 *locvm
956 1484 1116 1544 τουνομα,
1153 1459 1305 1581 εένσῦχρν
1330 1458 1369 1521 δέ

260 1566 319 1649 τὴν
348 1567 560 1651 κατάστασιν,
591 1566 671 1650 ὑπὲρ
702 1564 856 1687 εένοηχρν
886 1566 922 1631 δέ
943 1560 1000 1648 την
1020 1562 1215 1687 α’γαθότητα
1229 1560 1285 1625 καί
1304 1555 1369 1643 τὴν

260 1666 424 1732 πολιτείαν
453 1664 561 1734 καὶτὸ
592 1669 752 1750 μειλίχιον
776 1664 830 1730 καί
857 1662 1013 1732 σοοστικόν
1041 1658 1151 1752 καίεο
1176 1657 1369 1744 εὐπρόσιτον

260 1761 726 1857 cadentemcadentem
750 1771 790 1856 τῆ
811 1770 869 1832 τοῦ
890 1744 1115 1851 βασιλεύοντος
1138 1762 1288 1849 ἁπλότητι
1307 1765 1370 1828 και

259 1866 394 1958 ἐφελειλρι
414 1866 469 1945 τὰς
490 1870 606 1947 οἰκείας
625 1867 778 1955 προσθείς
797 1862 913 1956 οἷρετοὶς
933 1863 1122 1953 εὐχάριστον
1137 1866 1247 1931 τοῦτον
1263 1865 1367 1930 ἐποίει
1379 1880 1415 1935 15

260 1968 316 2035 καί
338 1979 404 2044 τοῖς
440 1969 701 2054 ὑποτεταγμένοις
722 1969 913 2056 ετίὰρεστον,
935 1963 1008 2034 ὅσον
1028 1991 1063 2052 γε
1091 1963 1162 2053 ἥκει
1181 1963 1263 2031 κατὰ
1288 1962 1369 2041 τοὺς

260 2067 329 2137 τότε
359 2070 503 2153 καιρούς.
559 2072 627 2136 ἀλλ’
661 2069 780 2154 ἔμελλε·
806 2069 930 2148 πάντας
958 2074 1002 2159 τρῖ
1032 2068 1157 2154 εέγενεῖ
1183 2070 1243 2133 τοῦ
1271 2071 1367 2133 σίτοα

260 2168 528 2258 ’παραμιγῆναίτι
560 2176 615 2239 καί
636 2170 791 2256 ζιζάνιον,
820 2168 840 2258 ἢ
872 2176 912 2261 τῇ
939 2173 994 2256 τῆς
1026 2170 1137 2245 νυκτὸς
1163 2165 1369 2255 ἐπιφοιτήσει

258 2271 315 2357 ’τήν
345 2273 470 2359 ἡμέραν
497 2274 675 2358 ἀναγκαίαις
703 2274 922 2361 ὑποχωρῆσαι.
976 2265 1014 2358 ἦν
1042 2268 1101 2357 γάρ
1133 2296 1180 2349 τις
1209 2264 1369 2353 εὐνοῦχος

260 2370 394 2459 σ’νόματι
417 2376 612 2465 Νικηφόρος,
638 2380 672 2443 ἐκ
693 2374 940 2464 Βονκελλαρίων
963 2372 1063 2442 ἐλκων
1084 2371 1119 2440 τέ
1142 2377 1240 2458 γένος,
1261 2370 1417 2448 turnicio

186 2479 188 2484 ’
258 2479 423 2562 ἐπινοῆσαι
453 2481 509 2545 καί
533 2474 640 2565 ῥάψαι
674 2478 843 2564 πράγματα
872 2481 928 2544 καί
954 2475 1071 2564 πολλὴν
1097 2477 1137 2566 τῇ
1173 2472 1370 2541 καταστάσει

257 2578 312 2661 την
324 2578 494 2663 τρικυμίαν
515 2582 710 2664 ἐπενεγκεῖν,’
727 2574 762 2655 ἐς
783 2583 827 2658 εἰς
848 2582 936 2663 τοτ’ξιν
951 2585 1012 2648 τῶν
1032 2581 1220 2663 σικρετικῶν
1240 2571 1371 2642 innod-

191 2752 198 2776 ί
258 2701 338 2746 σεων
358 2682 402 2768 τῷ
423 2685 522 2770 πατρί
543 2684 600 2747 τοῦ
622 2682 760 2769 Μιχαὴλ
782 2679 1057 2771 ἐπηρετησάμενος
1071 2681 1299 2768 Κωνσιαντίνιρ
1321 2677 1371 2768 τῷ

259 2979 295 3035 iia
313 2981 359 3050 qui
380 2944 515 3035 tentantur
533 2973 658 3035 solatium
676 2982 790 3036 infudit.
809 2984 977 3064 quantumvis
997 2985 1066 3036 enim
1085 2984 1144 3052 quia
1162 2988 1289 3046 tentetur,
1306 2995 1369 3034 non

258 3061 346 3106 tamen
367 3053 444 3107 buius
463 3053 533 3106 mala
552 3062 649 3123 aequet
667 3071 790 3141 unquam.
829 3057 874 3125 qui
901 3049 989 3108 autem
1006 3071 1117 3124 reguum
1136 3047 1263 3122 succepit,
1282 3053 1369 3106 buius

257 3141 325 3180 avua
343 3126 468 3191 liicbacl,
489 3127 684 3180 Graecorum'
676 3129 790 3211 imperio
810 3124 1054 3193 circinationem
1073 3127 1213 3180 videbatur
1233 3127 1265 3178 a
1278 3140 1369 3178 senex

256 3198 328 3250 iuter
346 3199 460 3252 iuveuea
477 3207 589 3268 propter
607 3210 695 3252 morea
721 3200 848 3254 remissos
875 3208 902 3251 et
928 3198 1025 3251 molles
1048 3198 1203 3251 habebatur.
1242 3196 1369 3248 adhibuit

257 3271 329 3321 enim
346 3286 434 3323 rorum
454 3272 631 3324 communium
650 3272 906 3340 administratorem,
927 3274 1013 3324 virum
1041 3271 1124 3323 verbo
1145 3279 1220 3322 etro
1238 3269 1366 3322 multitu.

256 3341 312 3396 diri
333 3343 521 3408 excellentem,
542 3351 569 3396 et
585 3343 678 3396 iudicii
699 3345 768 3412 grati
788 3351 814 3395 et
833 3344 939 3398 virtutis
959 3344 1022 3396 satia
1041 3343 1207 3412 participem,
1227 3350 1254 3393 et
1272 3342 1366 3392 omni.

255 3413 307 3466 bue
337 3416 447 3466 comiter
466 3424 600 3480 utentem,
619 3415 773 3482 pontificem
792 3417 931 3466 maximum
958 3416 1089 3466 communi
1109 3414 1210 3468 sid..
1230 3412 1367 3464 eccle..

256 3487 313 3538 aiae
332 3487 530 3555 praepositum,
557 3488 734 3555 principatum
759 3485 1023 3553 Protosyucellorum
1052 3487 1086 3556 (i.
1116 3502 1140 3538 e.
1161 3449 1367 3540 concellaneo.

254 3562 329 3628 rum)
350 3556 533 3622 obtinentem,
551 3558 678 3610 loannem
696 3559 804 3610 nomine
822 3559 934 3623 dictum,
952 3558 1105 3611 eunuchum
1124 3557 1234 3621 babitu,
1253 3557 1299 3627 qui
1316 3565 1366 3609 ta..

258 3644 319 3681 men
339 3638 482 3695 praeterea
501 3628 599 3680 bouum
626 3637 652 3681 et
682 3645 768 3681 rerum
795 3629 914 3682 civilium
940 3630 1053 3696 peritum
1083 3637 1110 3681 et
1128 3645 1237 3683 suavem
1256 3637 1283 3681 et
1300 3645 1367 3681 εει·-

260 3709 383 3751 vatorem
404 3708 430 3751 et
449 3713 613 3751 communem
632 3717 661 3754 ee
680 3701 834 3786 praebebat,
855 3717 937 3772 quare
957 3702 1034 3753 etiam
1055 3702 1129 3771 regia
1149 3700 1313 3768 simplicitati
1337 3708 1369 3752 et

258 3772 441 3822 communitati
467 3786 531 3823 cuae
550 3771 648 3825 addens
667 3773 803 3839 virtutes,
827 3783 929 3842 gratum
950 3773 1021 3826 huuc
1041 3773 1168 3826 reddebat
1188 3783 1215 3826 et
1233 3772 1367 3826 subiectio

256 3842 410 3927 iucundum,
431 3850 557 3911 quantum
576 3845 681 3912 quidem
706 3853 760 3896 tum
779 3848 906 3914 temporis
933 3845 1053 3898 decebat.
1090 3847 1138 3898 aed
1160 3845 1275 3898 futurum
1295 3853 1367 3909 erat,

261 3921 290 3966 ut
314 3916 422 3968 omniuo
450 3913 536 3966 nobili
566 3914 698 3968 frumento
726 3916 918 3970 admisceretur
943 3918 1021 3969 etiam
1050 3917 1133 3970 herba
1150 3933 1249 3985 prava,
1268 3916 1314 3971 vel
1334 3924 1369 3969 ut

260 3987 349 4038 nectit
368 3987 494 4038 adventui
513 3987 572 4041 dics
591 3989 746 4041 necessario
766 3989 884 4042 cederet.
922 3997 978 4041 erat
997 3991 1067 4042 enim
1086 3989 1224 4043 eunuchus
1245 3989 1367 4059 quidum,

255 4058 362 4109 nomine
381 4059 466 4111 dictus
484 4057 671 4126 Nicephorue,
697 4077 712 4113 a
735 4051 897 4113 Bucellariia
925 4060 1023 4114 ducena
1047 4061 1154 4148 getius,
1180 4063 1226 4132 qui
1253 4060 1369 4114 valebat

255 4142 421 4198 cognoscere
443 4137 469 4180 et
486 4131 620 4184 instruere
638 4147 693 4196 ree,
713 4140 739 4184 et
757 4131 864 4184 multam
884 4132 965 4184 firmia
981 4133 1158 4187 turbationem
1176 4133 1296 4187 inierre·
1316 4134 1368 4203 qui

255 4201 387 4271 quidem
380 4216 407 4253 ru
426 4201 517 4253 ordine
537 4203 646 4258 concilii
664 4205 762 4257 secreti
790 4204 858 4272 patri
874 4203 1012 4260 blichaelit
1041 4206 1165 4261 serviem
1184 4205 1367 4262 Constantino
