2967 4825
260 171 353 310 ττε-
558 231 778 364 memma
808 222 1068 299 τττττιοτττ

263 417 422 543 ’βυτίρας
419 422 544 506 Ῥῶμης
564 414 715 502 μεταθεῖς
734 412 791 499 τὴν
805 355 972 497 δασιλείαν
986 408 1030 481 εἰς
1053 402 1088 471 τό
1103 397 1288 483 Βυζάντιον,
1308 399 1374 519 ἀφ’

267 523 343 591 δεον
381 506 437 591 τόν
467 524 648 602 Μαξὲντιον
683 519 760 603 περί
788 512 844 590 τός
885 512 969 577 κύτω
998 508 1136 582 Γαλλίας
1169 500 1374 588 κατετροττοό-

266 651 373 712 σατο,
392 631 431 716 τῇ
462 624 610 703 ἐπιδείξει
641 624 699 686 τού
724 617 898 703 στοιυρικοῦ
927 616 1058 697 σημείου
1088 607 1146 693 την
1176 608 1264 728 νίκην
1285 597 1372 669 ἀνω-

266 734 324 795 θεν
341 728 562 814 μνηστευθεις,
581 722 656 801 τούς
676 720 858 838 ἀξιολόγους
883 721 946 782 τῶν
965 712 1165 796 εύπατριδῶυ
1184 733 1237 774 και
1232 706 1372 789 τιμίων

163 858 169 867 ‘
222 880 226 886 ,
266 831 300 897 ἒν
320 826 422 918 ταύτῃ
441 831 479 917 τῇ
499 830 554 916 νίφ
563 824 677 943 ιΡιόμη
695 824 768 904 μεθ’
799 817 914 885 ἑαυτοῦ
942 812 1138 900 παραλαβών
1156 808 1309 898 μετῴκισε
1303 810 1403 872 ’τε5

267 955 320 996 και
316 924 573 1010 ι’σνμπολιττις“
560 926 677 990 εαυτού
700 920 930 1007 ἀπειργάσατο,
955 914 1105 1037 λαμπρός
1128 914 1228 984 σι’κίας
1247 904 1373 981 τούτοις

176 1079 181 1091 .
266 1027 509 1111 διιτδειμάμενος
539 1026 619 1091 κατὰ
644 1024 700 1107 τήν
725 1026 897 1110 ἐμφέρειαν
925 1020 987 1085 τῶν
1012 1020 1048 1083 ἓν
1052 1035 1101 1101 τη
1087 1012 1246 1099 παλαιᾷ
1264 1006 1373 1133 “Ρῶμη

265 1130 443 1204 πολυτελῶς
464 1120 819 1251 κατεσκευασμένων
785 1146 886 1187 οικων.
931 1122 964 1183 ἐκ
986 1117 1105 1183 τούτων
1121 1107 1187 1198 οὖν,
1211 1112 1254 1189 ῶς
1274 1112 1302 1175 6
1313 1104 1373 1173 λό-

265 1254 320 1315 γυς
340 1227 429 1315 αἱρεῖ
446 1228 501 1293 nat
529 1228 549 1312 6
580 1224 768 1311 τοῦγένους
802 1216 952 1341 ἀναφορὰ
974 1219 1137 1303 περιάγει,
1163 1216 1194 1279 ot
1218 1212 1373 1335 Φωκάδες

235 1317 246 1414 f
267 1332 362 1397 αδτοί
389 1333 596 1415 καταγόμενοι
624 1323 680 1412 τήν
699 1349 734 1390 τε
756 1322 965 1448 περιφάνειαν
985 1313 1109 1384 ἀνωθεν
1141 1312 1235 1399 ἔσχον
1258 1309 1423 1378 κοίτοιο

217 1484 220 1489 s
265 1436 323 1516 τῆς
343 1432 476 1515 ἀνδρίας
497 1428 713 1514 ἀλκιμώτατον
731 1429 786 1491 ani
810 1419 1020 1503 ἀνύποιστον,
1046 1422 1080 1483 ἐκ
1102 1418 1164 1482 τῶν
1185 1413 1371 1496 ὀνομαστῶν

214 1561 216 1564 ·
266 1536 392 1600 ἐκείνων
415 1534 556 1650 Φαβίων,
578 1526 623 1607 ῶς
642 1552 703 1595 που
726 1524 779 1591 διό
805 1528 916 1608 βίβλου
932 1522 1015 1598 τινός
1036 1522 1176 1594 παλαιῶς
1197 1514 1373 1599 ἐχειραγω-

136 1630 368 1717 τετλτγήδην
390 1634 482 1712 ποτέ,
516 1631 574 1715 τη“ν
595 1628 774 1713 ἀρχηντυό
794 1629 903 1745 γόνους
934 1623 1126 1709 ἐφέλκοντες.
1171 1609 1260 1681 οὗτοι
1282 1618 1317 1679 δὲ
1339 1609 1373 1677 οἱ

268 1730 423 1815 Φόβιοι’
407 1758 441 1797 εν
461 1733 501 1819 τῆ
523 1732 647 1819 παλαιᾷ
662 1729 782 1817 Ῥῶμη
788 1725 844 1803 τός
865 1726 992 1812 πρῶτος
1013 1721 1107 1805 ἔσχον
1122 1720 1225 1807 ἀρχός
1245 1742 1298 1781 και
1318 1739 1373 1781 τι-

264 1829 339 1916 μός,
361 1836 418 1897 καί
438 1832 511 1919 ῥίζα
534 1795 657 1897 πόντιόν
672 1832 735 1895 τῶν
759 1832 894 1913 εὐγενῶν
917 1820 1068 1890 καὶκατὰ
1088 1830 1184 1907 χεῖρα
1208 1820 1372 1904 καρτερῶν
1382 1828 1422 1882 15

265 1936 487 2018 ε’γνωρίζοντυ·
530 1932 584 1998 κατ’
607 1931 712 2009 osseca
739 1927 861 1997 τούτων
881 1927 1100 2014 ἑσφάληπυτὲ
1122 1921 1195 2005 περί
1214 1923 1373 2001 πελέμους

266 2036 323 2099 καί
343 2035 507 2110 κινδύνους
541 2035 782 2117 ἀγωνιζόμενος.
836 2028 915 2094 ἀλλά
940 2028 973 2093 τό
997 2028 1121 2109 εόγενὲς
1151 2028 1207 2088 καί
1225 2020 1372 2100 ἐπίδοξον

267 2136 325 2200 ούκ
347 2129 382 2200 ἐν
402 2137 443 2223 ’τῇ
463 2139 520 2200 τοῦ
542 2137 651 2219 γένους
678 2128 765 2215 εἶχεν
784 2126 993 2216 ἐπισημότητι
1016 2122 1115 2215 μόνη,
1147 2122 1227 2190 ἀλλά
1249 2126 1307 2187 κάν
1331 2124 1373 2211 τῇ

266 2238 328 2301 τῶν
347 2237 493 2322 πρόξεων
517 2238 665 2322 διέφερον
687 2234 905 2350 λαμπρότητι,
935 2230 990 2295 καί
1011 2233 1133 2293 πολλῶν
1151 2226 1296 2309 ἀναγκῶν
1317 2227 1375 2288 κατ’

266 2332 471 2403 κινδύνων’
451 2334 602 2425 αφόκτων
629 2334 746 2420 σχεδόν
774 2332 830 2418 την
846 2331 978 2418 Ἥιύμηυ
1002 2330 1054 2396 διό
1078 2334 1131 2414 τῆς
1153 2330 1269 2402 οἰκείας
1292 2326 1374 2446 ἀρε·
1352 2340 1420 2394 -w

261 2441 367 2559 ’της
348 2440 403 2502 καί
424 2437 704 2560 μεγαλοφροφύνης
731 2440 787 2501 κατ’
810 2435 979 2519 ἀνδριάς
964 2433 1146 2518 ερρόσαντο.
1190 2427 1225 2494 ἐκ
1247 2423 1372 2494 τούτων

267 2537 298 2603 οἱ
321 2543 509 2622 Σκηπίωνες,
532 2537 586 2603 κατ’
608 2538 624 2600 6
646 2535 836 2624 Ἀφρικανός
860 2535 1050 2620 Σκηπιηων
1033 2559 1048 2596 o
1073 2531 1127 2597 τόν
1157 2529 1374 2613 ἀκαταμάχη-

268 2661 321 2703 τον
342 2639 460 2704 ἐκεῖνον
481 2636 642 2722 Ἀννίβαν,
663 2638 720 2703 τόν
745 2635 798 2702 καί
819 2633 921 2722 πότην
935 2633 992 2720 την
1008 2634 1140 2717 Ῥῶμην
1160 2633 1372 2716 πολιορκῆσαι

342 2830 384 2884 19.
404 2829 604 2904 διαφερόντων
622 2831 652 2886 G.

267 3002 335 3056 tinm
353 3003 380 3055 in
400 3004 487 3057 Gallia
515 3005 644 3057 inferiore
672 3006 811 3059 devicerat
841 3011 984 3074 ,praetento
1013 3003 1100 3057 crucis
1124 3005 1201 3072 signo
1228 3002 1373 3056 uictoriam

269 3089 385 3142 superno
403 3076 523 3144 adeptus,
542 3077 730 3131 memorabiles
751 3096 784 3130 ex
802 3078 952 3131 illustribus
972 3084 999 3128 et
1019 3075 1156 3127 honoratis
1175 3077 1203 3126 in
1222 3075 1292 3126 hane
1315 3089 1372 3126 no.

267 3162 328 3200 ram
346 3147 456 3200 Romam
475 3164 565 3201 seeum
585 3150 660 3201 duxit
678 3157 705 3200 et
724 3150 856 3206 stabilivit
875 3158 901 3201 et
928 3151 1002 3200 cives
1025 3162 1088 3200 suos
1113 3147 1242 3212 reddidit,
1273 3148 1370 3216 splen.

267 3218 328 3270 dida
345 3220 467 3272 aedilicia
486 3220 527 3280 bis
557 3223 674 3275 condens
700 3238 732 3272 ex
758 3222 931 3274 similitudine
957 3220 1079 3283 domuum
1106 3220 1134 3270 in
1163 3221 1257 3271 v'etere
1286 3221 1372 3272 Roma

242 3305 245 3311 ·
267 3289 409 3374 splendido
427 3300 628 3345 exstructarum.
667 3293 699 3345 ab
719 3293 760 3346 bis
783 3295 874 3360 igitur,
893 3300 923 3342 nt
942 3275 1011 3343 lamsa
1031 3292 1110 3342 docet
1130 3299 1157 3342 et
1175 3289 1371 3360 generisrela-

268 3363 306 3414 tio
325 3361 412 3427 affert,
432 3363 596 3417 Pbooades'
589 3367 641 3431 rpsi
660 3365 768 3416 deducti
787 3365 900 3448 gloriam
920 3378 1037 3431 superna
1054 3362 1188 3428 habebant
1207 3370 1234 3415 et
1259 3363 1370 3415 virtutis

267 3432 350 3486 robur
370 3442 396 3485 et
414 3436 571 3500 victoriam,
592 3448 626 3487 ex
644 3435 781 3489 nobilibus
801 3435 856 3487 illis
875 3429 980 3498 Fabiis,
1001 3442 1032 3485 ut
1050 3434 1120 3485 libro
1140 3423 1256 3503 quodum
1275 3442 1372 3488 uetere

267 3504 425 3572 aliqnando
421 3473 574 3559 instructu}
592 3523 658 3591 sum,
677 3509 837 3574 principium
858 3508 966 3575 generis
986 3498 1132 3560 trabentes
1170 3507 1197 3556 bi
1216 3514 1306 3558 autam
1315 3503 1370 3556 Fa.

267 3576 332 3627 bii
324 3592 352 3626 m
371 3585 466 3628 vetere
484 3579 568 3630 Roma
586 3580 685 3645 primos
705 3579 855 3632 babuerunt
871 3580 1041 3647 magistratus
1062 3584 1089 3627 et
1107 3576 1223 3630 honores
1250 3586 1277 3629 et
1295 3576 1372 3628 radix

269 3648 387 3698 omnium
404 3648 551 3701 illustrium
570 3656 597 3699 et
613 3665 693 3700 mann
712 3650 820 3701 lortium
839 3650 1023 3703 indicabantur
1041 3664 1131 3717 nequo
1150 3651 1291 3718 qnisquam
1317 3650 1372 3700 ho.

268 3732 326 3767 rnm
345 3716 437 3782 lapsus
457 3729 497 3771 est
514 3730 629 3787 unquam
649 3723 676 3772 in
694 3721 775 3773 bellis
795 3730 822 3773 et
842 3721 971 3788 perieulis
993 3722 1129 3784 certando,
1144 3721 1373 3774 sednobilitateru

270 3795 297 3837 ot
315 3786 429 3854 gloriam
447 3804 501 3840 non
520 3788 631 3842 solnm
624 3807 651 3841 m
670 3793 778 3859 generis
798 3793 919 3844 claritate
938 3791 1080 3855 habebant,
1100 3793 1148 3845 sed
1167 3795 1246 3844 etiam
1273 3795 1300 3845 in
1327 3793 1373 3844 la-

269 3865 370 3909 etorum
390 3861 581 3913 excellentium
605 3862 761 3946 splendore,
789 3873 816 3914 et
844 3865 934 3916 multis
959 3861 1162 3917 difficultatibus
1189 3872 1216 3916 ot
1240 3863 1373 3932 perieulis

268 3929 416 3995 desperatis
440 3933 498 3984 lere
521 3933 629 3984 Romam
658 3950 707 3989 sua
734 3935 835 3987 virtute
862 3945 889 3987 ot
913 3936 1128 4002 magnanimitate
1156 3944 1183 3986 et
1213 3936 1374 3988 fortitudine

268 3999 425 4061 solverunt:
443 4005 476 4056 ab
495 4004 538 4056 bis
557 4007 661 4060 oriundi
680 4005 830 4091 Scipiones,
850 4015 930 4074 atque
951 4007 1042 4073 Scipio
1061 4007 1213 4071 Africanus,
1234 4009 1281 4076 qui
1296 4006 1374 4060 inri-

269 4077 340 4122 etnm
359 4072 436 4125 illum
455 4075 632 4128 Hannibalem
652 4085 679 4128 et
696 4081 781 4145 ipsam
799 4077 909 4130 Romam
934 4085 1145 4146 oppugnaturum
1165 4078 1238 4130 elare
1267 4078 1376 4146 fugarit

271 4148 300 4194 et
317 4141 409 4197 arbom
429 4147 497 4212 eius,
517 4146 705 4216 Carthaginem
725 4163 847 4222 magnam
867 4157 893 4203 et
911 4148 1008 4204 ineolis
1027 4149 1221 4234 frequentatam
1240 4155 1267 4202 et
1282 4149 1375 4203 bomi-
