2967 4825
572 292 799 362 maroam„
878 370 881 383 ,
921 296 926 304 ·
1156 286 1230 359 mn

130 455 236 536 γονάν.
279 453 378 533 δέξας
395 456 432 519 δέ
450 455 495 537 μή
520 454 585 519 κατ’
605 452 716 542 ἔφεσιν
744 458 922 542 τιμηθῆναι
942 480 1030 541 παρα
1053 458 1111 520 τοῦ
1132 458 1230 539 βασε-

129 558 208 631 λέας
228 555 282 621 καί
297 550 422 640 δωρεάς
435 555 628 640 α’πογράσας
643 562 753 639 λαβεῖν
769 558 966 623 άποστασιάν
986 558 1152 645 ἐσκάτιησε,
1175 552 1230 623 καί

130 655 241 719 αέτίκα
262 654 340 731 τοάς
359 659 578 731 συναντῶντας
590 658 776 744 φορολάγων
792 682 826 724 τε
842 662 898 725 κατ’
917 658 1046 735 λοιποάς
1062 655 1229 725 σκυλεύειν

128 758 182 820 καί
195 753 385 841 διαρπάζειν
404 749 535 842 ἤρξατο,
555 758 611 823 καί
624 758 726 824 πάντα
739 761 819 844 δράν
832 756 890 825 ὅσα
907 758 1063 825 δεσπότου
1080 758 1228 826 άποπτά-

105 862 198 925 soom
222 856 381 941 χαλινούς).
406 860 501 945 φόνον
524 862 559 930 δὲ
577 862 745 942 Ῥωμαίων
769 862 882 927 σέδένα
897 861 1077 945 εἰργάσατο.
1106 859 1156 925 διὸ
1174 861 1231 925 καί

126 955 207 1022 κατά
228 956 397 1043 βασιλικήν
419 958 545 1044 ἐντολὴν
570 962 784 1048 (ἐμεμαθήκει
807 964 869 1048 γὰρ
892 960 996 1027 πάντα
1019 958 1036 1025 o‘
1060 962 1229 1048 βασιλῆς)
1334 1054 1336 1058 ι
1376 962 1379 974 “

126 1064 239 1135 πολλοί
253 1060 318 1125 τάν
329 1064 534 1144 στρατιωτῶν
551 1063 631 1146 πρὸς
652 1064 761 1149 μάχην
776 1066 879 1155 τούτῳ
893 1062 1099 1159 συνήντησαν.
1120 1063 1232 1138 πάντες

126 1162 160 1225 δέ
168 1161 225 1244 τῆς
238 1164 352 1226 τοάτσυ
364 1164 528 1249 ῥομφαίας
539 1162 728 1249 η’ττήθησαν.
738 1171 919 1230 τελευταῖον
927 1167 961 1230 δέ
975 1167 1096 1255 στρατῷ
1106 1160 1233 1253 μεγάλην

125 1264 188 1326 τάν
198 1254 357 1348 ἐσπερίων
370 1268 461 1329 πέντε
477 1265 645 1348 ταγμάτων
662 1264 910 1351 ἐπιστρατεύσας
925 1268 992 1331 κατ’
1009 1268 1109 1341 αι’τοῦ
1120 1267 1154 1331 ἐκ
1170 1266 1233 1331 τεέν

88 1363 339 1445 λθἈρμενιακῶν
368 1362 534 1453 θεμάτων,
558 1369 591 1430 ἐν
623 1358 648 1454 ᾧ
679 1364 930 1453 παρεχείμαζον,
953 1365 1041 1453 άτήν
1064 1367 1233 1451 ἡγεμονίαν

126 1460 246 1528 τούτων
259 1466 445 1550 ἐπιτραπεὶς
454 1465 605 1551 Σαμουὴλ
619 1467 798 1553 βεστάρχης
812 1468 1043 1545 ὃἈλουσίανος
1057 1466 1233 1552 λεγόμενος,
1278 1530 1281 1536 ,

126 1563 180 1628 καί
200 1566 278 1647 περί
296 1559 415 1651 ὄρθρον
431 1571 714 1658 ἐπιτεθείςτοάτρ
732 1572 904 1653 ἠρεμοῦντι
925 1570 980 1635 κατ’
1001 1569 1248 1656 α’νατιανομδτην·

126 1662 206 1730 κατά
229 1663 265 1729 τὰ
288 1667 406 1745 εἰωθὸς
426 1672 481 1754 τής
499 1669 719 1753 α’ναστασίμου
742 1668 865 1757 ἡμέρας
885 1676 940 1737 καί
957 1672 1094 1757 μεγάλης
1115 1692 1232 1753 κυρια-

126 1770 181 1853 κῆς
200 1770 437 1855 ἐφισταμένης,
460 1769 576 1857 ἔπραξε
597 1778 656 1853 μὲν
673 1780 816 1858 γενναῖον
844 1768 950 1857 otioso,
971 1772 1072 1839 ἔπαθε
1095 1774 1129 1840 δὲ
1145 1780 1233 1854 μάλ-
1343 1866 1347 1869 -

88 1875 181 1935 lotos
201 1868 288 1935 πάνυ
307 1874 421 1947 κακοῖς.
475 1870 666 1954 ἐμπεσόντες
691 1873 754 1958 γάρ
788 1873 818 1939 οἱ
846 1877 1041 1957 στρατιῶται
1071 1884 1136 1948 aare
1164 1874 1232 1937 ττῖιν

125 1976 252 2058 σκηνῶν
283 1976 472 2054 καλωδίοις,
510 1977 564 2038 καί
592 1979 830 2054 συμπλακέντες
867 1978 996 2061 αὐτοῖς,
1024 1977 1140 2059 γνάσιν
1166 1978 1234 2047 soie

127 2070 288 2156 Φράγγοις
307 2075 366 2157 τής
385 2076 556 2159 ἐπιβουλῆς
583 2076 803 2159 πεποιήκασιν.
857 2075 889 2141 οἳ
906 2078 941 2143 δὲ
962 2077 1134 2159 σταθηροῖς
1153 2066 1231 2139 ἐαυ-

126 2173 203 2249 τοάς
225 2172 515 2256 άνακαλεσάμενοι,
547 2178 604 2240 κατ’
623 2175 703 2260 πρὸς
725 2169 849 2257 άμυναν
870 2179 1041 2261 τραπέντες
1063 2174 1233 2260 aritium&

125 2278 310 2361 μοχθηρῶς
324 2275 400 2351 τοάς
417 2274 596 2357 Ῥωμαιλυς
617 2281 674 2360 τής
687 2280 890 2362 παρεμβολῆς
908 2274 1104 2342 ἐνεώσαντο.
1149 2273 1235 2357 ταχάι

17 2447 21 2460 ,
86 2380 164 2447 uois
185 2380 252 2442 τῶν
273 2375 378 2443 ἵππων
401 2379 581 2463 ἐπιβάντες,
601 2380 645 2454 άς
668 2373 754 2462 εἶχεν
774 2377 906 2456 ἕκαστος
926 2380 1067 2464 σπονδῆς
1089 2376 1144 2444 καί
1167 2402 1232 2448 πα-

128 2483 308 2565 ρασκευῆς,
338 2482 393 2545 καί
416 2482 549 2547 κατόπιν
579 2481 751 2557 ἐλάσαντες
775 2481 910 2556 πολλούς
939 2483 999 2561 μὲν
1020 2473 1154 2564 άνεέλον,
1175 2475 1233 2544 ‹il-
1311 2491 1313 2498 ‘

83 2571 88 2576 ’
128 2587 204 2658 λους
226 2583 261 2645 δέ
295 2583 511 2669 ζωγρήσαντες
539 2582 663 2668 ἔλαβον.
718 2585 790 2647 τότε
806 2581 860 2666 1δή
896 2585 1096 2668 προκαθίσας
1128 2579 1144 2645 o‘
1170 2581 1234 2646 ’τάν

127 2682 280 2750 Λατίνων
309 2686 451 2772 ἐξάρχων
483 2684 541 2750 οάκ
569 2678 700 2771 άκαιρον
735 2686 803 2751 οὐδ’
831 2683 1002 2767 άνεάλογον
1038 2684 1234 2770 δημηγορίαν
1291 2753 1296 2764 s

109 3006 247 3052 ‘maturas
264 2998 302 3050 ibi
323 3013 382 3050 cnm
400 2999 445 3065 iis,
463 3000 509 3067 qui
528 3014 588 3052 oum
607 3014 641 3052 eo
660 2999 824 3070 navigabant
843 3008 870 3054 et
888 2998 1054 3070 propinquis,
1076 2997 1121 3068 qui
1147 2999 1233 3052 aiva.

128 3079 235 3124 nerant.
273 3087 333 3122 enm
352 3078 439 3123 autom
457 3079 564 3139 putaret
582 3089 612 3126 se
629 3088 684 3124 non
703 3073 849 3126 secundum
869 3073 982 3124 studium
1002 3072 1160 3125 honoratum
1173 3086 1233 3124 esse

128 3161 144 3196 a
162 3159 231 3213 rege
252 3152 279 3194 et
297 3144 366 3195 dona
383 3143 546 3196 suiiioientia
564 3146 711 3212 accepisse,
732 3145 911 3196 defectionem
930 3144 1070 3196 meditatus
1082 3150 1160 3195 ostst
1175 3152 1232 3195 sta.

128 3218 175 3269 tim
203 3214 377 3284 vectigalium
403 3224 559 3281 exactores,
580 3218 625 3286 qui
646 3218 670 3267 oi
691 3225 864 3269 occurrerent
883 3225 910 3266 et
927 3215 1048 3283 reliquos
1068 3214 1186 3282 spoliare
1207 3223 1233 3268 at

128 3289 251 3354 diripere
270 3287 360 3353 eoepit
381 3294 407 3337 et
427 3287 514 3339 omnia
531 3304 614 3357 agero
634 3304 702 3357 quae
720 3288 820 3340 domini
843 3288 983 3339 excutiunt
1002 3287 1094 3350 irena,
1126 3287 1232 3338 caedem

129 3368 219 3412 autem
238 3358 400 3412 Graecorum
425 3358 525 3412 nullam
543 3362 667 3413 instituit.
706 3376 788 3429 quare
809 3362 887 3412 etiam
908 3375 941 3410 ex
961 3359 1037 3424 regio
1056 3360 1130 3427 iussu
1142 3358 1233 3426 (audi.

129 3439 208 3485 verat
232 3432 302 3482 enim
335 3433 423 3482 omnia
445 3436 520 3502 hren)
552 3430 628 3483 multi
659 3432 760 3484 milites
786 3434 818 3484 ad
849 3447 963 3500 pugnam
997 3430 1021 3480 ei
1050 3437 1233 3480 occurrerunt.

130 3517 222 3556 omnes
240 3510 329 3555 autem
346 3502 426 3555 huius
446 3503 535 3572 gladio
554 3506 667 3556 maximo
680 3505 782 3556 deuicti
801 3511 870 3556 sunt.
898 3509 1033 3569 postremo
1052 3507 1139 3553 autem
1154 3516 1235 3552 exer.
1260 3542 1265 3546 .

131 3579 185 3629 citu
203 3589 300 3644 magno
320 3575 524 3628 occidentalium
542 3578 661 3644 quinque
688 3577 809 3630 ordinum
837 3575 973 3644 proiectus
998 3581 1091 3625 contra
1116 3587 1175 3624 aum
1202 3588 1236 3624 ex

129 3648 297 3702 Armeniacis
316 3648 482 3713 provinciis,
502 3648 546 3699 ubi
572 3647 734 3712 hiemabant,
760 3650 802 3716 oui
831 3648 969 3713 imperium
989 3645 1081 3697 harum
1106 3645 1236 3696 creditum

132 3730 190 3774 erut
208 3719 317 3773 Samuel
337 3720 479 3772 vestiarius
489 3720 634 3773 Alusianus
651 3729 774 3784 vocatus,
790 3729 816 3771 et
831 3735 908 3772 mane
919 3719 1057 3785 oppositus
1068 3717 1131 3768 huie
1142 3719 1234 3785 quieto

132 3803 159 3845 et
179 3807 210 3845 so
226 3791 358 3844 reficieuti
379 3807 483 3844 emoro
501 3793 546 3844 die
563 3794 771 3844 resurrectionis
797 3791 897 3842 domini
926 3798 953 3842 st
976 3805 1072 3858 magna
1099 3789 1234 3842 dominica

132 3867 260 3928 instante,
280 3864 337 3931 egit
354 3862 460 3930 quidem
477 3863 569 3916 nobile
587 3863 665 3927 nihil,
684 3865 763 3914 immo
783 3877 877 3929 passus
898 3859 1029 3916 ostvalrle
1046 3859 1123 3912 mala.
1163 3860 1234 3912 iusi.
1297 3879 1300 3888 =

132 3938 226 3988 (lentes
253 3935 321 3986 onim
347 3933 447 3987 milites
470 3936 496 3985 in
521 3936 697 3987 tentoriorum
731 3943 821 3986 vestas
851 3942 877 3984 et
905 3931 1027 3999 impliciti
1053 3934 1086 3983 iis
1112 3933 1234 3996 notitiam

132 4008 243 4060 Francis
263 4006 418 4058 insidiarum
437 4007 615 4059 reddiderunt.
653 4007 680 4058 lri
700 4014 787 4058 autem
807 4012 959 4057 constanter
978 4019 1007 4056 se
1026 4012 1187 4056 revocantes
1207 4010 1234 4053 et

133 4080 165 4131 αδ
187 4078 328 4131 arcendum
347 4079 435 4132 statim
459 4081 542 4144 versi,
562 4093 617 4131 non
645 4078 780 4132 laboriose
800 4078 916 4132 Graecos
941 4076 1035 4128 castris
1063 4074 1230 4142 expulerunt.

134 4151 261 4204 celeriter
278 4159 367 4204 autom
384 4165 468 4219 equos
488 4145 663 4205 assendentes
680 4160 710 4204 ut
727 4150 842 4203 habebat
860 4150 973 4218 quisquo
992 4146 1107 4200 studium
1126 4154 1153 4198 et
1180 4159 1231 4210 τρ.

133 4231 262 4292 paratam,
281 4229 310 4275 et
326 4240 341 4276 ο
359 4231 436 4292 tergo
449 4223 565 4291 profesti
583 4222 680 4278 nultos
698 4223 900 4296 interimerunt,
910 4219 978 4276 alios
996 4221 1074 4274 vivos
1094 4221 1230 4286 ceperum.
