2967 4825
582 282 789 352 flieronis.
1058 240 1062 253 ’
1212 266 1238 345 9
1277 252 1280 263 ’
1327 243 1336 264 '

89 438 92 443 ¹
148 448 320 528 δυνάμεσι·
363 444 420 511 κατ’·
436 448 467 512 εἰ
485 444 531 531 μὴ
555 450 738 531 διαβληθείς
750 454 824 529 περι·
845 448 1029 532 τυραννίδος
1054 442 1246 530 ὅτὴνοτρα»

146 551 254 631 τηγίαν
273 550 337 613 τῶν
359 542 441 614 ὅλων
460 526 686 629 ἐμπιστευθείς
706 550 737 613 Γ
734 546 865 632 ια’ργιος
896 553 1011 624 ἐκεῖνος
1034 547 1050 611 o‘
1076 542 1246 629 Μανιοὶνης
1336 599 1339 610 .

75 650 78 657 ’
146 650 180 713 ἔνι
199 654 300 728 μέσον
324 654 451 733 γέγονε,
485 654 540 715 καί
561 642 666 726 ἄλλοις
689 650 824 735 ἀνετέθη
845 648 882 715 τοὶ
909 655 966 715 τοῦ
993 640 1245 731 πολέμου,.ιιᾶ’ν

26 777 30 789 ,
143 746 205 813 alno
222 750 393 833 Ῥωμαίοις
412 753 511 817 ἐτέλει
534 754 605 816 νυνί
625 755 717 835 νῆσος
738 747 821 816 οὕτω
842 751 961 836 μεγάλη
984 754 1039 814 καὶ
1060 749 1245 832 περιβόητος
1254 756 1276 812 i.
1288 754 1341 813 1⁶8
1355 769 1384 812 v.

119 850 200 914 5ναί
218 847 330 915 πόλεσι
353 854 588 939 περιεζωσμὲνη
610 854 774 935 μεγίσταις
797 855 852 917 καί
882 857 944 917 τοῖν
973 847 1078 916 ἄλλων
1096 853 1244 934 χρηστῶν
1309 924 1317 935 .

47 944 51 957 ¹
145 949 276 1027 οὐδενὸς
297 953 489 1019 ἀποδέουσα.
509 957 512 965 ’
534 956 590 1018 νῦν
613 956 648 1018 δὲ
673 953 688 1018 e‘
711 950 829 1040 φθόνος
851 956 906 1018 κατ’
925 955 980 1019 τὸν
1000 945 1102 1034 ἄνδρα
1128 946 1247 1023 nattis
1324 1025 1328 1030 .

144 1052 277 1135 necligere
300 1058 354 1118 καί
374 1060 526 1120 τοσοῦτον
544 1056 778 1137 κατειργάσατο
798 1053 904 1140 ἔργον·
949 1055 1091 1137 αἰσχροῖς
1111 1046 1173 1134 γὰρ
1194 1047 1250 1116 κατ’
1320 1057 1323 1062 ’

144 1153 284 1237 (ι’γεννῶς
315 1159 582 1236 βουλευσαμένων
605 1158 667 1219 τῶν
699 1148 1049 1239 ὕστερονστρατηγῶν
1078 1150 1137 1217 σύν
1169 1150 1248 1235 αὐτῇ

144 1252 203 1317 κατ’
226 1250 262 1319 τὸ
289 1261 435 1320 πλεῖστον
463 1263 519 1321 τοῦ
541 1253 778 1340 στρατεύματος
800 1252 959 1320 α’πολοόλει
983 1256 1166 1335 Ῥωμαίοις.
1207 1248 1250 1311 ου’

100 1350 209 1437 loppa
233 1346 268 1422 δὲ
289 1354 370 1419 α’λλά
392 1354 446 1421 κατ’
467 1358 500 1421 οἵ
521 1381 595 1421 ποτε
611 1355 780 1439 σύμμαχοι
801 1359 855 1421 καί
875 1360 930 1439 τῆς
951 1348 1250 1435 ἰσοπολιτείαςῆμῖν

144 1458 409 1539 συμμετέχοντες,
432 1454 475 1533 ὥς
497 1460 552 1522 καί
584 1459 686 1539 ου’τῆς
719 1461 776 1539 τῆς
796 1460 985 1542 θρησκείας,
1011 1450 1162 1535 Ἀλβανοὶ
1195 1447 1251 1513 καί

145 1560 284 1622 Λατῖνοι
306 1550 374 1623 ὅσοι
396 1556 474 1639 μετὰ
498 1558 555 1642 την
577 1554 724 1641 ἓσπερίαν
741 1548 865 1643 Ῥώμην
886 1564 948 1633 τοῖς
980 1558 1141 1628 Ἰταλικοῖς
1168 1557 1250 1635 πλη-

143 1654 293 1737 σιάζουσι
314 1662 438 1742 μέρεσι,
458 1664 604 1739 πολέμιοι
627 1658 891 1744 παραλογώτατα
915 1653 1134 1744 ἐχρημάτισαν
1150 1656 1250 1733 ἐμπε-

144 1756 362 1846 παρῳνηκὸτος
384 1762 429 1837 εἰς
451 1759 505 1826 τὸν
529 1756 670 1845 ἄρχοντα
696 1758 815 1825 τούτων
844 1764 901 1824 τοῦ
927 1759 997 1825 τότε
1026 1754 1082 1842 την
1108 1778 1250 1837 στρατη-

97 1861 220 1941 restae
244 1858 409 1938 ἰθύνοντος
432 1860 571 1947 Μιχαὴλ
593 1860 705 1939 δουκός
725 1864 783 1926 τοῦ
803 1864 989 1928 Δονειανοῦ.
1154 1937 1157 1944 ¹

243 1959 340 2029 Ἀλλά
362 1968 437 2046 ’περὶ
458 1958 756 2046 perverterim·
801 1965 916 2028 Μυσοὶ
940 1952 1251 2048 δὲ,οἶςει’διιιῆπρο-
1311 1993 1315 2000 ·
1361 2005 1365 2014 .

145 2064 280 2147 σηχοριά
308 2062 343 2127 τό
376 2069 441 2129 ταῖν
471 2065 669 2153 Βουλγαροσν
701 2064 892 2149 καθέστηκεν
918 2053 1042 2144 ὄνομα,
1078 2060 1250 2144 τηνικαῦτα

144 2156 221 2237 τούς
238 2162 497 2245 τῆςδουλιόσεως
522 2161 761 2239 ἀναπαύσαντες
791 2160 945 2248 χαλινούς
976 2164 1021 2238 εἰς
1052 2154 1250 2225 ἀποστασίαν

144 2268 455 2349 προνεχοιρήκεσοιν,
484 2268 539 2334 κατ’
561 2265 617 2333 τὸν
643 2271 780 2353 βασιλέα
804 2264 878 2347 περὶ
898 2262 938 2328 τοὶ
968 2261 1001 2327 ἒν
1033 2262 1250 2356 Θεσσαλονίκη

90 2368 351 2449 Ξὺδιατρίβοντα
374 2364 460 2454 ὅρια,
483 2374 538 2437 καί
556 2372 673 2452 μόνους
695 2368 770 2446 τούς
793 2371 826 2434 ἐν
848 2372 886 2456 τῇ
908 2365 994 2454 αὐλῇ
1015 2356 1250 2446 οωματοφόλαν

144 2493 204 2545 τας
225 2467 338 2560 ἔχοντα
359 2469 402 2548 uic
423 2472 477 2538 διὰ
499 2475 609 2561 φιλίας
632 2470 850 2557 παροδεύοντα
869 2472 941 2554 γῆς,
963 2470 1081 2550 ἰταμῶς
1095 2462 1250 2531 συνεδίοοι·
1302 2459 1311 2477 ⁰

145 2575 222 2649 ξῦν·
264 2572 439 2655 ἐξαρτύσας
451 2576 490 2640 -δ’
510 2565 602 2651 οὗτος
629 2565 697 2655 ἅμα
719 2574 764 2662 τῷ
775 2574 820 2650 εἰς
834 2573 891 2658 τὴν
901 2567 1136 2653 βασιλεύουσαν
1151 2563 1250 2630 εἰσιέ-

396 2799 414 2822 .
1253 2804 1257 2811 a

143 2829 332 2898 ‘Agerenorom
350 2832 424 2884 natio
444 2833 609 2886 occidentem
627 2845 723 2885 versus
741 2832 771 2884 in
790 2831 883 2886 Sicilia
899 2829 1041 2886 navalibus
1061 2836 1089 2883 et
1108 2829 1247 2883 terrestri.

147 2900 201 2952 bus
220 2897 380 2953 Graecorum
406 2903 526 2969 viribus,
553 2910 632 2972 atque
658 2903 709 2956 nisi
735 2911 875 2957 aecusatus
894 2903 1081 2956 dominationis
1100 2915 1247 2970 capessere.

145 2972 219 3035 dae',
242 2972 318 3024 cuius
337 2973 398 3024 fidei
414 2975 553 3042 imperium
572 2976 726 3027 universum
745 2977 831 3027 datum
853 2984 910 3028 erat
928 2975 1059 3043 Georgius
1077 2973 1126 3025 ille
1144 2974 1248 3028 blania-

146 3057 194 3094 ees
214 3043 336 3096 emedio
358 3044 475 3099 sublatus
496 3053 578 3110 esset,
600 3054 627 3096 ot
645 3045 707 3098 aliis
726 3048 867 3114 impositae
890 3056 981 3100 essent
993 3062 1036 3098 res
1047 3045 1173 3109 bellicae,
1189 3045 1247 3097 ior.

144 3122 220 3166 tarso
239 3113 348 3167 Graecis
366 3131 436 3170 nune
456 3125 528 3171 esset
548 3117 669 3170 subiecta
686 3117 775 3170 ineula
793 3127 845 3169 tam
871 3135 967 3188 magna
986 3126 1067 3186 atque
1087 3116 1202 3169 celebris
1221 3123 1249 3168 et

144 3184 258 3238 urbibus
276 3187 363 3239 cincta
381 3191 501 3242 maximis
519 3204 609 3258 neque
629 3196 780 3241 ceterorum
804 3189 932 3241 bonorum
959 3189 1018 3241 ullo
1038 3190 1140 3240 carens.
1177 3203 1249 3239 nune

144 3265 235 3310 autem
253 3257 355 3311 invidia
377 3266 404 3310 et
423 3263 508 3313 virum
530 3269 556 3312 et
582 3259 652 3312 iacta
677 3269 704 3312 et
726 3268 828 3314 tantum
854 3261 956 3313 delevit
981 3275 1056 3328 opus.
1096 3275 1154 3310 eum
1180 3260 1249 3309 enim

144 3329 261 3395 turpiter
279 3328 470 3402 humiliterque
490 3332 604 3384 consilia
623 3342 751 3399 caperent
768 3333 871 3399 posteri
889 3333 1081 3399 imperatores,
1107 3344 1165 3381 eum
1190 3329 1249 3396 ipsa

145 3398 236 3451 insula
257 3402 335 3453 etiam
355 3404 468 3456 maxima
487 3419 549 3471 pars
574 3404 708 3457 exercituo
729 3405 839 3455 evanuit
859 3401 977 3456 Graecis.
1014 3401 1248 3457 verumenimvero

145 3469 227 3522 etiam
246 3473 349 3538 priores
369 3477 436 3526 socii
456 3474 584 3544 aequales
602 3474 680 3526 nobis
700 3476 818 3527 civitatis
832 3475 977 3542 participes
993 3482 1023 3526 ut
1042 3476 1121 3525 etiarn
1131 3472 1249 3524 eiusdem

141 3542 256 3594 deorum
276 3543 477 3609 cultue‚Albani
498 3554 525 3598 et
534 3545 633 3610 Latini,
642 3547 794 3616 quicunque
803 3554 864 3614 post
873 3544 1065 3598 occidentalem
1076 3545 1184 3596 Romam
1193 3543 1249 3596 lta-
1318 3555 1322 3560 ’
1379 3539 1386 3546 “

142 3612 206 3666 licis
225 3614 380 3682 regionibus
399 3618 553 3682 adhaerent,
567 3619 659 3676 bostes
668 3619 781 3670 maxime
793 3617 971 3685 inexspectati
991 3618 1160 3680 exstiterunt,
1172 3622 1248 3683 post-

143 3699 223 3753 quam
242 3701 292 3753 per
312 3685 467 3740 ebrietatem
488 3687 568 3744 elusit
594 3691 688 3741 direem
718 3704 823 3753 eorum,
850 3689 895 3756 qui
920 3697 975 3741 tum
999 3688 1140 3755 imperium
1164 3687 1250 3755 gessit

142 3753 261 3809 bliebael
281 3756 361 3809 ducas
380 3759 540 3814 Doeeianus.

244 3843 296 3899 Sed
315 3847 348 3898 de
367 3847 408 3900 his
427 3850 533 3917 quidem
553 3851 617 3902 satis
636 3850 745 3902 dictum.
793 3849 860 3915 Mysi
886 3856 991 3912 autern,
1019 3848 1114 3917 quibus
1140 3847 1248 3914 propria
1315 3834 1317 3845 ¹

141 3914 327 3986 appellatione
345 3919 522 3988 Bulgarorum
539 3937 637 3976 nomen
655 3920 808 3991 impositum
827 3928 877 3987 est,
896 3928 960 3972 tune
977 3919 1090 3972 abiectis
1109 3919 1249 3972 servitutis

143 3988 227 4040 irenis
247 3988 275 4039 in
294 3989 475 4043 deiectionem
493 4001 680 4060 processerant
699 4001 726 4047 et
744 4007 837 4061 regem
855 3995 888 4044 in·
899 3991 1032 4044 montibus
1043 3989 1249 4043 Thessaloniees

143 4067 297 4113 versantem
316 4061 443 4131 solosque
462 4063 566 4117 aulicos
586 4068 707 4131 eorporis
730 4065 873 4132 stipatores
893 4063 1052 4126 habentem,
1081 4063 1181 4130 quippe
1203 4062 1249 4129 qui

144 4146 195 4201 per
212 4130 324 4182 amicam
342 4133 394 4184 iter
413 4133 516 4188 faceret
534 4143 642 4200 terram,
661 4138 787 4190 audacter
805 4135 926 4207 aggressi
944 4142 1006 4187 suut
1017 4151 1024 4198 ;
1036 4133 1081 4185 bie
1096 4140 1184 4185 autem
1203 4133 1247 4184 in-

146 4209 254 4262 struens
273 4201 432 4277 simulatque
452 4207 553 4278 regiam
572 4208 682 4264 intmvit
700 4223 770 4280 quae
789 4208 820 4261 ad
839 4205 942 4261 bellum
961 4214 1130 4275 esseatopus
1145 4201 1250 4259 fortiter
