2967 4825
262 247 312 328 m
568 245 788 315 nrcnanrs
817 240 1079 311 amarioris

246 410 340 535 ,πρὸς
359 407 482 495 μικρόν.
502 402 556 475 εἶτ’
576 410 790 494 ἀνενεγκοῦσι
806 411 868 473 τῶν
882 406 1054 488 ἐλλογίμων
1072 398 1170 485 α’νδρι
1180 421 1243 464 τινι
1266 393 1370 479 ἱερον-

261 514 346 601 μένιρ
365 534 399 577 τε
419 537 472 576 και
495 515 651 589 συνέσεως
671 514 799 594 γέμοντι
821 510 877 573 κατ’
896 506 1103 585 πολυπειρίας
1124 500 1182 567 oris
1197 500 1369 563 ἀποδέοντι

264 616 375 695 (Λέων
398 614 594 737 προσηγορία
622 613 666 699 τῷ
679 609 805 735 α’νδρί)
826 606 885 692 την
913 609 1067 690 διοίκησιν
1089 606 1153 668 τῶν
1171 596 1370 720 πραγμάτων

263 716 445 797 ἐπέτρεψεν.
488 715 631 788 ἐπιεικῶς
653 734 710 777 οιιν
732 703 823 785 οὗτος
850 713 885 774 ἐν
907 704 1031 773 ἅπασιν
1046 706 1186 825 ἐνεργῶν
1204 694 1368 765 uslausei

263 808 352 899 λόγον
376 824 441 890 τοῖς
463 818 723 897 παρεμπιπτουσι
747 808 919 895 χριόμενος,
945 812 1001 874 καί
1020 807 1075 872 τὸν
1095 807 1192 888 νόμον
1211 801 1370 885 ποιούμε
1350 810 1393 861 -5

263 938 315 993 νος
335 918 496 1002 βούλημα,
523 916 631 999 πᾶσαν
659 914 810 992 ειῖταξιάν
833 909 889 975 καὶ
912 914 1065 991 ια’νσμίπν
1099 909 1250 990 πεποίηκε
1273 909 1368 967 πολι.

263 1017 426 1083 παύεσθαι.
483 1014 538 1080 καί
558 1016 771 1081 α’στσισιόοτον
793 1003 832 1097 ἦν
860 1012 900 1077 ου’
919 1012 1015 1092 μόνον
1035 1008 1069 1075 rc'
1090 1003 1371 1090 ‘Pmpcct'otcla‘maj-

264 1144 333 1184 κοσν
356 1117 437 1183 diti
462 1120 517 1182 καί
542 1115 619 1181 cairo
641 1113 675 1181 τὸ
697 1114 895 1201 ἀλλόφυλον,
929 1116 985 1177 τοῦ
1003 1113 1082 1177 θεοῦ
1103 1109 1227 1183 πάντως
1249 1108 1370 1189 εοάρε-

264 1222 438 1304 οιοομὲνοο
459 1243 495 1305 τῃ
482 1217 709 1303 α’γαθοεργίη
729 1219 790 1281 τῶν
806 1213 950 1299 πράξεων
970 1218 1026 1278 κατ’
1045 1214 1084 1277 τά
1104 1207 1215 1277 σκολιοὶ
1240 1211 1287 1283 εἰς
1308 1208 1372 1271 εὐ-

192 1335 198 1347 ·
234 1321 395 1386 Ιθεῖανέ
397 1320 626 1400 ξομαλίζοντος.
1381 1315 1411 1369 1θ

369 1423 432 1503 Τῆς
454 1421 488 1484 δὲ
511 1416 662 1501 τοιαύτης
676 1420 864 1502 βασιλίσσης
883 1414 963 1502 πρὸς
984 1440 1043 1534 την
1056 1415 1180 1479 ε’κεῑθεν
1201 1414 1373 1494 βασιλείαν

194 1570 218 1581 .=
265 1518 440 1607 μελλούσης
468 1543 704 1605 μεταναστηναι
738 1515 952 1602 (ἐμονοὶρχησε
982 1515 1043 1600 γὰρ
1075 1512 1192 1633 χρόνον
1226 1514 1283 1577 ἕνα
1319 1536 1373 1575 και

264 1629 368 1708 μῆνας
402 1622 499 1707 ὀκτὼ)
529 1644 601 1703 περι
622 1624 785 1701 βασιλέως
818 1622 946 1706 φροντὶς
974 1627 1130 1720 κατεῖχε
1132 1615 1205 1691 τοὺς
1238 1612 1274 1680 ἐν
1306 1620 1375 1687 τοῖς

266 1724 441 1808 βασιλείοις
463 1721 502 1787 τὰ
530 1723 640 1806 πρῶτα
671 1725 838 1808 φέροντας
880 1722 936 1785 sui
954 1720 997 1795 ὦς
1026 1742 1061 1783 το
1084 1682 1288 1798 ἀποτέλεσμα
1307 1740 1375 1779 πα-

267 1848 454 1907 ριστηιιιιτο,
476 1824 554 1905 ου’χι
575 1821 632 1887 τὸν
650 1827 800 1905 γενναίαις
822 1822 1030 1903 α’νθεξόμενον
1043 1843 1099 1903 της
1119 1818 1223 1904 ἀρχῆς
1251 1819 1389 1900 ονιιγο-
1384 1824 1413 1875 15

267 1924 382 2004 pedum
398 1925 589 2006 προείλοντο,
614 1922 682 1989 ἀλλ’
704 1920 738 1998 ὃς
753 1916 926 2004 dapsilior
944 1916 1053 1996 ὕπτιος
1068 1917 1169 1992 ἔσοιτο
1188 1918 1244 1983 κατ’
1263 1918 1376 1991 αὐτοῖς

269 2022 490 2106 ὑποκείμενος,
511 2024 567 2086 κατ’
588 2024 626 2108 τῇ
647 2021 782 2110 α’φελείρ
803 2025 858 2087 κατ’
879 2021 1010 2110 α’μελείηι
1033 2018 1092 2104 την
1111 2022 1268 2105 διοίκησιν
1288 2022 1376 2101 μᾶλ-
1401 2063 1407 2073 ,

243 2130 323 2207 ‘lov
344 2122 452 2198 αυτοῖς
473 2123 641 2189 α’ναθεῖναι
660 2149 703 2207 μη
727 2124 950 2207 ἰσχορίσαιτοω

146 2230 260 2301 a1056
372 2221 617 2309 Ἀναγορειὶοοσι
637 2247 742 2289 τοινον
760 2225 938 2324 πρεσβύτην
959 2224 1030 2289 τινὰ
1061 2220 1296 2305 ὀνομαζόμενον
1315 2226 1375 2305 μὲν

140 2322 183 2364 ¹¹¹·
191 2308 261 2377 3¹¹⁸·
254 2326 420 2414 ’Μιχαηλ
434 2332 606 2401 πολιτικοις
621 2328 655 2389 δὲ
669 2318 950 2410 συντεθραμμένον
967 2317 1065 2409 ἤθεσι
1076 2348 1110 2392 τε
1124 2348 1175 2389 και
1192 2321 1411 2421 superposuit}

249 2455 324 2496 «και
345 2426 379 2495 ri
402 2431 459 2494 τοῦ
481 2431 709 2514 στρατιωτικοῦ
736 2429 906 2513 τηνικαῦτα
929 2431 1124 2515 διαφέροντα
1152 2450 1190 2493 σε
1211 2471 1348 2497 .....
1363 2474 1372 2506 ,

272 2531 394 2596 ἁπλοῦν
411 2534 470 2612 μὲν
505 2527 559 2594 κατ’
577 2531 683 2616 α’φελῆ
712 2530 793 2595 κατὰ
816 2527 850 2594 τὰ
875 2525 971 2610 δόξαν
993 2522 1121 2618 αὐτοῖς,
1142 2536 1250 2594 πλεῖον
1271 2531 1309 2592 δὲ
1329 2531 1373 2616 τῷ

270 2630 362 2718 γήρει
380 2629 587 2717 τροχόμενον,
608 2629 664 2696 κατ’
684 2629 736 2697 διὰ
759 2635 853 2708 τοῦτο
874 2639 1031 2709 κοινωνοῖς
1063 2633 1175 2707 adroic
1197 2635 1255 2715 τῆς
1273 2635 1374 2712 βασι-

271 2941 332 2992 viro
362 2938 464 2991 cuidam
490 2953 566 2993 sacro
593 2946 619 2990 et
646 2939 802 3007 prudentiae
826 2931 909 3006 pleno
935 2953 1025 3008 nequa
1052 2939 1219 3006 experientia
1244 2938 1374 2992 destituto

274 3011 363 3079 [Leon
382 3025 480 3062 nomen
500 3019 556 3063 crat
575 3011 649 3081 viro)
668 3011 923 3064 administrationem
941 3026 1030 3062 rernm
1058 3012 1174 3064 tradidit.
1211 3019 1273 3078 apte
1291 3011 1375 3082 igitur

273 3082 318 3133 hic
336 3083 364 3131 in
384 3081 505 3136 omnibus
526 3097 609 3150 agens
629 3091 655 3134 ct
674 3099 732 3135 cum
751 3083 856 3134 ratione
880 3083 989 3141 casibus
1005 3099 1067 3135 usus
1096 3092 1123 3134 et
1147 3082 1235 3150 legem
1258 3083 1374 3134 reddens

183 3197 189 3206 .
271 3153 454 3218 voluntatem,
481 3155 586 3219 effecit,
611 3163 640 3206 ut
658 3155 742 3207 omnis
763 3156 864 3206 ordinis
884 3163 910 3205 et
929 3154 1018 3221 legum
1036 3155 1105 3206 ratio
1123 3156 1150 3206 in
1170 3152 1375 3206 administranda
1426 3153 1428 3155 ’

273 3227 383 3277 civitate
402 3225 554 3278 haberetur.
581 3233 608 3278 et
626 3227 767 3280 seditionis
786 3235 911 3293 expertes
931 3233 1073 3278 erantnon
1093 3226 1179 3278 solum
1199 3227 1244 3294 qui
1264 3224 1374 3279 Graecis

272 3296 386 3351 subiecti
407 3305 496 3364 erant,
516 3298 563 3352 sed
583 3299 662 3351 etiam
680 3301 756 3366 ipsae
775 3298 845 3349 aliae
863 3306 969 3366 gentes,
990 3313 1048 3348 cum
1068 3298 1133 3351 deus
1152 3298 1260 3348 omnino
1279 3295 1375 3348 delec-

271 3378 373 3423 taretur
392 3371 493 3422 virtute
512 3387 618 3435 rerum,
646 3377 673 3420 et
691 3368 826 3437 obliqua
818 3385 846 3420 in
864 3370 1050 3420 rectitudinem
1074 3377 1211 3437 aequaret.

342 3457 438 3511 Cum
462 3466 550 3509 autern
576 3457 643 3507 haec
661 3454 747 3508 talis
755 3457 848 3525 regina
867 3457 899 3508 nd
924 3472 1048 3522 superum
1066 3456 1134 3509 illud
1152 3473 1266 3526 regnum
1286 3466 1374 3511 trans-

272 3525 397 3594 gressum
413 3536 496 3580 essct
522 3533 697 3596 (regnaverat
723 3528 793 3578 enim
811 3541 907 3578 annum
931 3542 1013 3578 unum
1039 3537 1067 3580 et
1084 3544 1192 3583 menses
1218 3535 1315 3599 octo),
1342 3531 1374 3580 de

270 3613 337 3666 rege
363 3600 478 3651 creando
505 3614 568 3650 cura
587 3599 730 3663 occupavit
749 3612 806 3661 eos,
826 3599 917 3665 quiin
936 3601 1013 3668 regia
1032 3602 1132 3665 primos
1151 3601 1269 3655 honores
1289 3601 1373 3653 lrabe-

270 3668 349 3728 bant3
370 3677 397 3718 et
425 3683 483 3718 eum
512 3667 589 3718 finis
600 3669 714 3731 adesset,
738 3683 793 3720 non
819 3685 877 3720 eum
903 3672 948 3738 qui
971 3671 1101 3723 nobiliter
1126 3681 1283 3738 recepturus
1304 3680 1375 3726 esset

271 3739 411 3803 imperium
431 3754 523 3790 creare
543 3738 685 3803 volebant,
712 3741 760 3791 sed
778 3756 854 3804 enm,
874 3743 919 3808 qui
937 3743 1022 3808 magis
1041 3742 1155 3795 inferior
1176 3745 1281 3797 iuturus
1304 3751 1375 3797 esset

271 3809 359 3876 iisque
377 3810 530 3875 subiectus,
550 3819 578 3862 et
596 3810 766 3879 simplicitate
785 3820 813 3863 et
829 3812 997 3881 negligentia
1015 3815 1269 3867 administrationem
1289 3817 1374 3883 magis

273 3881 311 3931 eis
329 3883 434 3934 tradere
451 3897 505 3933 non
524 3891 671 3935 recusaret

371 3954 468 4007 Greant
485 3955 568 4022 igitur
587 3969 677 4006 senem
697 3955 836 4038 quendam,
856 3956 963 4007 nomine
983 3912 1081 4008 dictum
1099 3948 1224 4022 llichael,
1245 3957 1373 4010 civilibus

267 4025 425 4077 instructum
443 4026 561 4077 moribus
578 4026 697 4077 ctrebus
718 4027 770 4076 et
762 4043 789 4077 m
809 4043 838 4077 rc
858 4025 967 4077 militari
984 4036 1040 4079 tum
1060 4027 1297 4082 excellentem.

269 4097 402 4165 integrum
422 4105 448 4148 ct
468 4096 615 4167 simplicem
634 4106 664 4148 ut
681 4096 737 4149 illis
758 4099 863 4166 quidem
884 4098 1042 4162 videbatur,
1061 4101 1146 4168 magis
1164 4108 1252 4152 nartem
1273 4117 1373 4153 senec-

266 4175 324 4239 tuto
353 4169 522 4234 conlectum,
557 4176 584 4220 et
610 4175 754 4238 propterca
777 4169 859 4223 sociis
890 4169 923 4222 iis
949 4171 1057 4239 imperii
1083 4180 1110 4223 et
1140 4172 1373 4226 concertatoribus
