<?xml version="1.0" encoding="UTF-8"?>
<!DOCTYPE html PUBLIC "-//W3C//DTD XHTML 1.0 Transitional//EN"
    "http://www.w3.org/TR/xhtml1/DTD/xhtml1-transitional.dtd">
<html xmlns="http://www.w3.org/1999/xhtml" xml:lang="en" lang="en">
 <head>
  <title>
</title>
<meta http-equiv="Content-Type" content="text/html;charset=utf-8" />
  <meta name='ocr-system' content='tesseract 3.04.00' />
  <meta name='ocr-capabilities' content='ocr_page ocr_carea ocr_par ocr_line ocrx_word'/>
</head>
<body>
  <div class='ocr_page' id='page_1' title='image "./corpusscriptoru41theogoog/corpusscriptoru41theogoog_0239.png"; bbox 0 0 2967 4825; ppageno 0'>
   <div class='ocr_carea' id='block_1_1' title="bbox 579 258 1230 349">
    <p class='ocr_par' dir='ltr' id='par_1_1' title="bbox 579 258 1230 349">
     <span class='ocr_line' id='line_1_1' title="bbox 579 258 1230 349; baseline 0.006 -8"><span class='ocrx_word' id='word_1_1' title='bbox 579 259 790 333; x_wconf 67' lang='lat' dir='ltr'><strong>mmm·</strong></span> <span class='ocrx_word' id='word_1_2' title='bbox 936 272 999 349; x_wconf 81' lang='grc'><strong>“,</strong></span> <span class='ocrx_word' id='word_1_3' title='bbox 1154 258 1230 345; x_wconf 62' lang='grc' dir='ltr'><strong>2λᾶ</strong></span> 
     </span>
    </p>
   </div>
   <div class='ocr_carea' id='block_1_2' title="bbox 23 412 1325 2431">
    <p class='ocr_par' dir='ltr' id='par_1_2' title="bbox 23 412 1325 2431">
     <span class='ocr_line' id='line_1_2' title="bbox 229 412 1230 508; baseline 0.008 -23"><span class='ocrx_word' id='word_1_4' title='bbox 229 416 301 485; x_wconf 73' lang='grc' dir='ltr'><strong><em>Καὶ</em></strong></span> <span class='ocrx_word' id='word_1_5' title='bbox 318 417 356 484; x_wconf 78' lang='grc' dir='ltr'><strong>τὰ</strong></span> <span class='ocrx_word' id='word_1_6' title='bbox 378 421 439 501; x_wconf 69' lang='grc' dir='ltr'><strong>μὲν</strong></span> <span class='ocrx_word' id='word_1_7' title='bbox 451 423 510 485; x_wconf 71' lang='lat' dir='ltr'><strong>vti</strong></span> <span class='ocrx_word' id='word_1_8' title='bbox 530 420 905 508; x_wconf 61' lang='lat' dir='ltr'><strong>perseverantiores,</strong></span> <span class='ocrx_word' id='word_1_9' title='bbox 924 415 985 489; x_wconf 85' lang='grc' dir='ltr'><strong><em>όσα</em></strong></span> <span class='ocrx_word' id='word_1_10' title='bbox 1006 444 1042 507; x_wconf 81' lang='grc' dir='ltr'><strong><em>γι</em></strong></span> <span class='ocrx_word' id='word_1_11' title='bbox 1061 412 1132 507; x_wconf 87' lang='grc' dir='ltr'><strong><em>ήκιι</em></strong></span> <span class='ocrx_word' id='word_1_12' title='bbox 1152 422 1230 493; x_wconf 71' lang='grc' dir='ltr'><strong><em>κατὰ</em></strong></span> 
     </span>
     <span class='ocr_line' id='line_1_3' title="bbox 125 510 1325 611; baseline 0.004 -26"><span class='ocrx_word' id='word_1_13' title='bbox 125 519 187 596; x_wconf 83' lang='grc' dir='ltr'><strong><em>τοὶς</em></strong></span> <span class='ocrx_word' id='word_1_14' title='bbox 210 513 378 605; x_wconf 74' lang='grc' dir='ltr'><strong><em>προσεχεῖς</em></strong></span> <span class='ocrx_word' id='word_1_15' title='bbox 398 520 490 605; x_wconf 74' lang='grc' dir='ltr'><strong><em>ήμῶν</em></strong></span> <span class='ocrx_word' id='word_1_16' title='bbox 511 522 633 605; x_wconf 74' lang='grc' dir='ltr'><strong><em>γενεάς,</em></strong></span> <span class='ocrx_word' id='word_1_17' title='bbox 651 521 817 611; x_wconf 79' lang='grc' dir='ltr'><strong><em>πτρίφημό</em></strong></span> <span class='ocrx_word' id='word_1_18' title='bbox 832 547 866 589; x_wconf 80' lang='grc' dir='ltr'><strong>τε</strong></span> <span class='ocrx_word' id='word_1_19' title='bbox 887 522 944 589; x_wconf 89' lang='grc' dir='ltr'><strong>καί</strong></span> <span class='ocrx_word' id='word_1_20' title='bbox 961 520 1154 611; x_wconf 77' lang='grc' dir='ltr'><strong><em>περιβόητα·</em></strong></span> <span class='ocrx_word' id='word_1_21' title='bbox 1178 524 1233 589; x_wconf 84' lang='grc' dir='ltr'><strong>καί</strong></span> <span class='ocrx_word' id='word_1_22' title='bbox 1318 510 1325 523; x_wconf 62' lang='grc'><strong>’</strong></span> 
     </span>
     <span class='ocr_line' id='line_1_4' title="bbox 66 614 1232 709; baseline 0.002 -23"><span class='ocrx_word' id='word_1_23' title='bbox 66 614 73 623; x_wconf 59' lang='grc'><em>“</em></span> <span class='ocrx_word' id='word_1_24' title='bbox 124 627 293 705; x_wconf 84' lang='grc' dir='ltr'><strong><em>μαρταροῖ</em></strong></span> <span class='ocrx_word' id='word_1_25' title='bbox 308 618 433 699; x_wconf 78' lang='grc' dir='ltr'><em>τούτοις</em></span> <span class='ocrx_word' id='word_1_26' title='bbox 455 621 549 688; x_wconf 78' lang='grc' dir='ltr'><strong><em>τότε</em></strong></span> <span class='ocrx_word' id='word_1_27' title='bbox 574 627 637 689; x_wconf 71' lang='grc' dir='ltr'><strong><em>τοῖν</em></strong></span> <span class='ocrx_word' id='word_1_28' title='bbox 665 617 787 689; x_wconf 74' lang='grc' dir='ltr'><strong><em>ἄνωθεν</em></strong></span> <span class='ocrx_word' id='word_1_29' title='bbox 818 622 996 708; x_wconf 84' lang='grc' dir='ltr'><strong><em>διηγήματα</em></strong></span> <span class='ocrx_word' id='word_1_30' title='bbox 1025 628 1082 692; x_wconf 85' lang='grc' dir='ltr'><strong>καί</strong></span> <span class='ocrx_word' id='word_1_31' title='bbox 1099 621 1115 689; x_wconf 90' lang='grc' dir='ltr'><strong><em>ό</em></strong></span> <span class='ocrx_word' id='word_1_32' title='bbox 1134 630 1232 709; x_wconf 54' lang='grc' dir='ltr'><strong><em>βασι,</em></strong></span> 
     </span>
     <span class='ocr_line' id='line_1_5' title="bbox 124 717 1230 813; baseline 0.007 -30"><span class='ocrx_word' id='word_1_33' title='bbox 124 717 204 806; x_wconf 71' lang='grc' dir='ltr'><strong><em>λαός</em></strong></span> <span class='ocrx_word' id='word_1_34' title='bbox 223 723 313 813; x_wconf 81' lang='grc' dir='ltr'><strong><em>κόρις</em></strong></span> <span class='ocrx_word' id='word_1_35' title='bbox 335 723 521 807; x_wconf 85' lang='grc' dir='ltr'><strong><em>Νικηφόρος</em></strong></span> <span class='ocrx_word' id='word_1_36' title='bbox 542 721 559 787; x_wconf 84' lang='grc' dir='ltr'><strong><em>ό</em></strong></span> <span class='ocrx_word' id='word_1_37' title='bbox 581 727 712 802; x_wconf 74' lang='grc' dir='ltr'><strong><em>Φακᾶς,</em></strong></span> <span class='ocrx_word' id='word_1_38' title='bbox 755 720 789 800; x_wconf 73' lang='lat' dir='ltr'><strong>ie</strong></span> <span class='ocrx_word' id='word_1_39' title='bbox 819 721 856 789; x_wconf 84' lang='grc' dir='ltr'><strong>τό</strong></span> <span class='ocrx_word' id='word_1_40' title='bbox 876 720 1043 808; x_wconf 81' lang='grc' dir='ltr'><strong><em>Ῥωμαίων</em></strong></span> <span class='ocrx_word' id='word_1_41' title='bbox 1060 720 1230 811; x_wconf 77' lang='grc' dir='ltr'><strong><em>πράγματα</em></strong></span> 
     </span>
     <span class='ocr_line' id='line_1_6' title="bbox 96 819 1230 914; baseline 0.007 -32"><span class='ocrx_word' id='word_1_42' title='bbox 96 819 329 909; x_wconf 80' lang='grc' dir='ltr'><strong><em>5κατιιληφιός</em></strong></span> <span class='ocrx_word' id='word_1_43' title='bbox 349 823 383 886; x_wconf 79' lang='grc' dir='ltr'><strong>όν</strong></span> <span class='ocrx_word' id='word_1_44' title='bbox 404 826 500 912; x_wconf 64' lang='lat' dir='ltr'><strong>morel</strong></span> <span class='ocrx_word' id='word_1_45' title='bbox 521 826 638 912; x_wconf 82' lang='grc' dir='ltr'><strong><em>κομιδή</em></strong></span> <span class='ocrx_word' id='word_1_46' title='bbox 659 827 714 890; x_wconf 85' lang='grc' dir='ltr'><strong>καί</strong></span> <span class='ocrx_word' id='word_1_47' title='bbox 732 824 843 914; x_wconf 82' lang='grc' dir='ltr'><strong><em>ἀ’πόριγ</em></strong></span> <span class='ocrx_word' id='word_1_48' title='bbox 864 829 1090 911; x_wconf 83' lang='grc' dir='ltr'><strong><em>περιιστόμινα</em></strong></span> <span class='ocrx_word' id='word_1_49' title='bbox 1112 830 1149 913; x_wconf 78' lang='grc' dir='ltr'><strong>τῇ</strong></span> <span class='ocrx_word' id='word_1_50' title='bbox 1169 828 1230 891; x_wconf 78' lang='grc' dir='ltr'><strong>τῶν</strong></span> 
     </span>
     <span class='ocr_line' id='line_1_7' title="bbox 124 922 1229 1014; baseline 0.002 -27"><span class='ocrx_word' id='word_1_51' title='bbox 124 922 324 1007; x_wconf 76' lang='grc' dir='ltr'><strong><em>Σαρατηνοόν</em></strong></span> <span class='ocrx_word' id='word_1_52' title='bbox 346 924 402 986; x_wconf 85' lang='grc' dir='ltr'><strong>καί</strong></span> <span class='ocrx_word' id='word_1_53' title='bbox 422 924 565 1006; x_wconf 80' lang='grc' dir='ltr'><strong><em>Ἀράβων</em></strong></span> <span class='ocrx_word' id='word_1_54' title='bbox 594 922 799 1014; x_wconf 74' lang='grc' dir='ltr'><strong>ἐπιστρατείᾳ</strong></span> <span class='ocrx_word' id='word_1_55' title='bbox 823 927 880 991; x_wconf 85' lang='grc' dir='ltr'><strong>καί</strong></span> <span class='ocrx_word' id='word_1_56' title='bbox 902 924 963 1010; x_wconf 88' lang='grc' dir='ltr'><strong>πρό</strong></span> <span class='ocrx_word' id='word_1_57' title='bbox 980 928 1046 1010; x_wconf 41' lang='grc' dir='ltr'><strong><em>,τής</em></strong></span> <span class='ocrx_word' id='word_1_58' title='bbox 1066 928 1229 1011; x_wconf 61' lang='grc' dir='ltr'><strong><em>βασιλειας</em></strong></span> 
     </span>
     <span class='ocr_line' id='line_1_8' title="bbox 121 1019 1230 1111; baseline 0.002 -24"><span class='ocrx_word' id='word_1_59' title='bbox 121 1019 319 1107; x_wconf 81' lang='grc' dir='ltr'><strong><em>α’ντκτήσατό</em></strong></span> <span class='ocrx_word' id='word_1_60' title='bbox 342 1046 376 1089; x_wconf 77' lang='grc' dir='ltr'><strong>τι</strong></span> <span class='ocrx_word' id='word_1_61' title='bbox 397 1027 451 1089; x_wconf 86' lang='grc' dir='ltr'><strong>καί</strong></span> <span class='ocrx_word' id='word_1_62' title='bbox 464 1023 645 1107; x_wconf 57' lang='lat' dir='ltr'><strong>dardaniam,</strong></span> <span class='ocrx_word' id='word_1_63' title='bbox 665 1033 793 1104; x_wconf 77' lang='grc' dir='ltr'><strong><em>πολλοῖς</em></strong></span> <span class='ocrx_word' id='word_1_64' title='bbox 808 1029 914 1104; x_wconf 79' lang='grc' dir='ltr'><strong><em>πόνοις</em></strong></span> <span class='ocrx_word' id='word_1_65' title='bbox 935 1024 991 1093; x_wconf 83' lang='grc' dir='ltr'><strong>καί</strong></span> <span class='ocrx_word' id='word_1_66' title='bbox 1009 1028 1109 1111; x_wconf 78' lang='grc' dir='ltr'><strong><em>α’γῶσι</em></strong></span> <span class='ocrx_word' id='word_1_67' title='bbox 1133 1032 1230 1105; x_wconf 80' lang='grc' dir='ltr'><strong><em>πολι-</em></strong></span> 
     </span>
     <span class='ocr_line' id='line_1_9' title="bbox 121 1121 1229 1213; baseline 0.004 -28"><span class='ocrx_word' id='word_1_68' title='bbox 121 1133 232 1204; x_wconf 80' lang='grc' dir='ltr'><strong><em>μικοῖς</em></strong></span> <span class='ocrx_word' id='word_1_69' title='bbox 251 1123 553 1211; x_wconf 72' lang='grc' dir='ltr'><strong><em>καταστρατηγήσας</em></strong></span> <span class='ocrx_word' id='word_1_70' title='bbox 575 1130 640 1195; x_wconf 74' lang='grc' dir='ltr'><strong>τόν</strong></span> <span class='ocrx_word' id='word_1_71' title='bbox 661 1128 809 1195; x_wconf 56' lang='lat' dir='ltr'><strong>&amp;amabor</strong></span> <span class='ocrx_word' id='word_1_72' title='bbox 830 1121 908 1213; x_wconf 82' lang='grc' dir='ltr'><strong><em>όιχρι</em></strong></span> <span class='ocrx_word' id='word_1_73' title='bbox 920 1126 1058 1204; x_wconf 83' lang='grc' dir='ltr'><strong><em>Νικαίας</em></strong></span> <span class='ocrx_word' id='word_1_74' title='bbox 1080 1129 1229 1212; x_wconf 75' lang='grc' dir='ltr'><strong><em>ληιζομλ-</em></strong></span> 
     </span>
     <span class='ocr_line' id='line_1_10' title="bbox 120 1222 1254 1311; baseline 0.003 -21"><span class='ocrx_word' id='word_1_75' title='bbox 120 1250 188 1291; x_wconf 87' lang='grc' dir='ltr'><strong>νων</strong></span> <span class='ocrx_word' id='word_1_76' title='bbox 208 1222 265 1311; x_wconf 90' lang='grc' dir='ltr'><strong>τήν</strong></span> <span class='ocrx_word' id='word_1_77' title='bbox 285 1222 379 1307; x_wconf 74' lang='grc' dir='ltr'><strong><em>ἓοόαν,</em></strong></span> <span class='ocrx_word' id='word_1_78' title='bbox 400 1230 456 1290; x_wconf 84' lang='grc' dir='ltr'><strong>καί</strong></span> <span class='ocrx_word' id='word_1_79' title='bbox 476 1230 523 1303; x_wconf 74' lang='grc' dir='ltr'><strong><em>εἰς</em></strong></span> <span class='ocrx_word' id='word_1_80' title='bbox 541 1226 599 1311; x_wconf 89' lang='grc' dir='ltr'><strong>τήν</strong></span> <span class='ocrx_word' id='word_1_81' title='bbox 620 1233 684 1294; x_wconf 71' lang='grc' dir='ltr'><strong>τῶν</strong></span> <span class='ocrx_word' id='word_1_82' title='bbox 708 1228 850 1295; x_wconf 88' lang='grc' dir='ltr'><strong><em>Κιλίκων</em></strong></span> <span class='ocrx_word' id='word_1_83' title='bbox 868 1230 1076 1306; x_wconf 75' lang='grc' dir='ltr'><strong><em>κατακλείσας</em></strong></span> <span class='ocrx_word' id='word_1_84' title='bbox 1098 1227 1227 1304; x_wconf 82' lang='grc' dir='ltr'><strong><em>ον’τοός·</em></strong></span> <span class='ocrx_word' id='word_1_85' title='bbox 1249 1237 1254 1249; x_wconf 89' lang='grc'><strong>’</strong></span> 
     </span>
     <span class='ocr_line' id='line_1_11' title="bbox 79 1317 1229 1415; baseline 0.002 -24"><span class='ocrx_word' id='word_1_86' title='bbox 79 1318 192 1397; x_wconf 71' lang='lat' dir='ltr'><strong>melec</strong></span> <span class='ocrx_word' id='word_1_87' title='bbox 214 1324 270 1390; x_wconf 88' lang='grc' dir='ltr'><strong>καί</strong></span> <span class='ocrx_word' id='word_1_88' title='bbox 289 1324 347 1411; x_wconf 90' lang='grc' dir='ltr'><strong>τήν</strong></span> <span class='ocrx_word' id='word_1_89' title='bbox 372 1329 525 1412; x_wconf 74' lang='grc' dir='ltr'><strong>μεγίστην</strong></span> <span class='ocrx_word' id='word_1_90' title='bbox 556 1329 651 1413; x_wconf 86' lang='grc' dir='ltr'><strong><em>νήσον</em></strong></span> <span class='ocrx_word' id='word_1_91' title='bbox 671 1332 727 1415; x_wconf 84' lang='grc' dir='ltr'><strong>τῆς</strong></span> <span class='ocrx_word' id='word_1_92' title='bbox 750 1317 879 1415; x_wconf 88' lang='grc' dir='ltr'><strong><em>Κρήτης</em></strong></span> <span class='ocrx_word' id='word_1_93' title='bbox 907 1328 1074 1406; x_wconf 78' lang='grc' dir='ltr'><strong><em>ἆναοοίσας</em></strong></span> <span class='ocrx_word' id='word_1_94' title='bbox 1092 1329 1132 1415; x_wconf 79' lang='grc' dir='ltr'><strong>τή</strong></span> <span class='ocrx_word' id='word_1_95' title='bbox 1148 1328 1229 1393; x_wconf 84' lang='grc' dir='ltr'><strong>Ῥω-</strong></span> 
     </span>
     <span class='ocr_line' id='line_1_12' title="bbox 96 1426 1228 1519; baseline 0 -26"><span class='ocrx_word' id='word_1_96' title='bbox 96 1430 229 1508; x_wconf 80' lang='grc' dir='ltr'><strong><em>μαίων</em></strong></span> <span class='ocrx_word' id='word_1_97' title='bbox 250 1429 345 1515; x_wconf 79' lang='grc' dir='ltr'><strong><em>α’ρχῇ,</em></strong></span> <span class='ocrx_word' id='word_1_98' title='bbox 366 1434 498 1515; x_wconf 86' lang='grc' dir='ltr'><strong><em>πρᾶγμα</em></strong></span> <span class='ocrx_word' id='word_1_99' title='bbox 526 1428 834 1519; x_wconf 79' lang='grc' dir='ltr'><strong><em>δοσμεταχείριοτόν</em></strong></span> <span class='ocrx_word' id='word_1_100' title='bbox 855 1456 890 1497; x_wconf 83' lang='grc' dir='ltr'><strong>τε</strong></span> <span class='ocrx_word' id='word_1_101' title='bbox 921 1434 976 1496; x_wconf 82' lang='grc' dir='ltr'><strong>καί</strong></span> <span class='ocrx_word' id='word_1_102' title='bbox 996 1426 1228 1512; x_wconf 77' lang='grc' dir='ltr'><strong><em>δυσκατόρθω-</em></strong></span> 
     </span>
     <span class='ocr_line' id='line_1_13' title="bbox 121 1524 1228 1616; baseline 0.002 -23"><span class='ocrx_word' id='word_1_103' title='bbox 121 1552 187 1610; x_wconf 76' lang='lat' dir='ltr'><strong>roa,</strong></span> <span class='ocrx_word' id='word_1_104' title='bbox 211 1529 343 1615; x_wconf 75' lang='grc' dir='ltr'><strong><em>εὐσεβής</em></strong></span> <span class='ocrx_word' id='word_1_105' title='bbox 364 1532 400 1595; x_wconf 80' lang='grc' dir='ltr'><strong>δὲ</strong></span> <span class='ocrx_word' id='word_1_106' title='bbox 422 1524 468 1596; x_wconf 83' lang='grc' dir='ltr'><strong>σόν</strong></span> <span class='ocrx_word' id='word_1_107' title='bbox 488 1529 527 1595; x_wconf 85' lang='grc' dir='ltr'><strong>τό</strong></span> <span class='ocrx_word' id='word_1_108' title='bbox 550 1530 628 1616; x_wconf 86' lang='grc' dir='ltr'><strong><em>πρὸς</em></strong></span> <span class='ocrx_word' id='word_1_109' title='bbox 649 1531 705 1598; x_wconf 89' lang='grc' dir='ltr'><strong>τόν</strong></span> <span class='ocrx_word' id='word_1_110' title='bbox 726 1530 804 1598; x_wconf 74' lang='grc' dir='ltr'><strong><em>θοόν</em></strong></span> <span class='ocrx_word' id='word_1_111' title='bbox 824 1533 879 1598; x_wconf 88' lang='grc' dir='ltr'><strong>καί</strong></span> <span class='ocrx_word' id='word_1_112' title='bbox 899 1531 1141 1616; x_wconf 75' lang='grc' dir='ltr'><strong><em>βουλεύσασθαι</em></strong></span> <span class='ocrx_word' id='word_1_113' title='bbox 1152 1532 1228 1595; x_wconf 81' lang='grc' dir='ltr'><strong><em>διιτ-</em></strong></span> 
     </span>
     <span class='ocr_line' id='line_1_14' title="bbox 121 1628 1229 1719; baseline 0.002 -23"><span class='ocrx_word' id='word_1_114' title='bbox 121 1628 380 1713; x_wconf 83' lang='grc' dir='ltr'><strong><em>γνωστικιότατος</em></strong></span> <span class='ocrx_word' id='word_1_115' title='bbox 397 1636 453 1697; x_wconf 86' lang='grc' dir='ltr'><strong>καί</strong></span> <span class='ocrx_word' id='word_1_116' title='bbox 467 1631 640 1719; x_wconf 88' lang='grc' dir='ltr'><strong><em>στρατηγός</em></strong></span> <span class='ocrx_word' id='word_1_117' title='bbox 659 1633 890 1718; x_wconf 71' lang='grc' dir='ltr'><strong><em>ἀνδρειότατος,</em></strong></span> <span class='ocrx_word' id='word_1_118' title='bbox 906 1636 960 1698; x_wconf 83' lang='grc' dir='ltr'><strong>καί</strong></span> <span class='ocrx_word' id='word_1_119' title='bbox 976 1633 1015 1698; x_wconf 86' lang='grc' dir='ltr'><strong>τό</strong></span> <span class='ocrx_word' id='word_1_120' title='bbox 1033 1634 1091 1715; x_wconf 72' lang='grc' dir='ltr'><strong>μὲν</strong></span> <span class='ocrx_word' id='word_1_121' title='bbox 1102 1634 1137 1699; x_wconf 75' lang='grc' dir='ltr'><strong><em>ἐκ</em></strong></span> <span class='ocrx_word' id='word_1_122' title='bbox 1149 1633 1229 1698; x_wconf 66' lang='lat' dir='ltr'><strong>deod</strong></span> 
     </span>
     <span class='ocr_line' id='line_1_15' title="bbox 120 1732 1228 1822; baseline 0.004 -27"><span class='ocrx_word' id='word_1_123' title='bbox 120 1732 180 1797; x_wconf 85' lang='grc' dir='ltr'><strong>καί</strong></span> <span class='ocrx_word' id='word_1_124' title='bbox 192 1734 283 1812; x_wconf 72' lang='grc' dir='ltr'><strong><em>θείας</em></strong></span> <span class='ocrx_word' id='word_1_125' title='bbox 302 1735 477 1817; x_wconf 78' lang='grc' dir='ltr'><strong><em>δυνάμεως,</em></strong></span> <span class='ocrx_word' id='word_1_126' title='bbox 499 1735 539 1800; x_wconf 83' lang='grc' dir='ltr'><strong>τό</strong></span> <span class='ocrx_word' id='word_1_127' title='bbox 560 1737 596 1800; x_wconf 81' lang='grc' dir='ltr'><strong>δὲ</strong></span> <span class='ocrx_word' id='word_1_128' title='bbox 610 1738 823 1818; x_wconf 72' lang='grc' dir='ltr'><strong><em>συμβουλίαις</em></strong></span> <span class='ocrx_word' id='word_1_129' title='bbox 835 1737 984 1822; x_wconf 73' lang='grc' dir='ltr'><strong><em>ἀρίσταις</em></strong></span> <span class='ocrx_word' id='word_1_130' title='bbox 996 1738 1051 1799; x_wconf 88' lang='grc' dir='ltr'><strong><em>καί</em></strong></span> <span class='ocrx_word' id='word_1_131' title='bbox 1071 1756 1228 1817; x_wconf 53' lang='grc' dir='ltr'><strong><em>στρατια*</em></strong></span> 
     </span>
     <span class='ocr_line' id='line_1_16' title="bbox 79 1834 1225 1923; baseline 0.002 -26"><span class='ocrx_word' id='word_1_132' title='bbox 79 1847 111 1901; x_wconf 85' lang='grc'><strong>15</strong></span> <span class='ocrx_word' id='word_1_133' title='bbox 120 1843 227 1910; x_wconf 83' lang='grc' dir='ltr'><strong><em>τικαῖς</em></strong></span> <span class='ocrx_word' id='word_1_134' title='bbox 249 1837 470 1923; x_wconf 79' lang='grc' dir='ltr'><strong><em>γονναιότησιν,</em></strong></span> <span class='ocrx_word' id='word_1_135' title='bbox 497 1838 542 1912; x_wconf 80' lang='grc' dir='ltr'><strong>εἰς</strong></span> <span class='ocrx_word' id='word_1_136' title='bbox 563 1838 652 1913; x_wconf 76' lang='grc' dir='ltr'><strong><em>τέλος</em></strong></span> <span class='ocrx_word' id='word_1_137' title='bbox 669 1834 892 1903; x_wconf 70' lang='grc' dir='ltr'><strong><em>εὐκταιότατον</em></strong></span> <span class='ocrx_word' id='word_1_138' title='bbox 911 1836 966 1902; x_wconf 87' lang='grc' dir='ltr'><strong>καί</strong></span> <span class='ocrx_word' id='word_1_139' title='bbox 985 1836 1141 1922; x_wconf 80' lang='grc' dir='ltr'><strong><em>μακάριον</em></strong></span> <span class='ocrx_word' id='word_1_140' title='bbox 1161 1860 1225 1901; x_wconf 85' lang='grc' dir='ltr'><strong>σο-</strong></span> 
     </span>
     <span class='ocr_line' id='line_1_17' title="bbox 120 1943 308 2022; baseline -0.005 -18"><span class='ocrx_word' id='word_1_141' title='bbox 120 1943 308 2022; x_wconf 75' lang='grc' dir='ltr'><strong><em>πεπέρακεν,</em></strong></span> 
     </span>
     <span class='ocr_line' id='line_1_18' title="bbox 216 2034 1226 2124; baseline 0 -19"><span class='ocrx_word' id='word_1_142' title='bbox 216 2034 284 2116; x_wconf 83' lang='grc' dir='ltr'><strong><em>Ἵνα</em></strong></span> <span class='ocrx_word' id='word_1_143' title='bbox 306 2040 342 2105; x_wconf 79' lang='grc' dir='ltr'><strong>δὲ·</strong></span> <span class='ocrx_word' id='word_1_144' title='bbox 370 2049 472 2124; x_wconf 82' lang='grc' dir='ltr'><strong><em>γνοΐτν</em></strong></span> <span class='ocrx_word' id='word_1_145' title='bbox 500 2039 531 2106; x_wconf 79' lang='grc' dir='ltr'><strong>οἱ</strong></span> <span class='ocrx_word' id='word_1_146' title='bbox 553 2040 793 2124; x_wconf 79' lang='grc' dir='ltr'><strong><em>όντογχόνοντις</em></strong></span> <span class='ocrx_word' id='word_1_147' title='bbox 821 2043 925 2106; x_wconf 78' lang='grc' dir='ltr'><strong><em>τοῖσδε</em></strong></span> <span class='ocrx_word' id='word_1_148' title='bbox 955 2046 1019 2114; x_wconf 76' lang='grc' dir='ltr'><strong><em>τοῖς</em></strong></span> <span class='ocrx_word' id='word_1_149' title='bbox 1046 2038 1226 2124; x_wconf 76' lang='grc' dir='ltr'><strong><em>γράμμασι,</em></strong></span> 
     </span>
     <span class='ocr_line' id='line_1_19' title="bbox 119 2135 1224 2228; baseline 0.003 -24"><span class='ocrx_word' id='word_1_150' title='bbox 119 2144 155 2205; x_wconf 88' lang='grc' dir='ltr'><strong>τί</strong></span> <span class='ocrx_word' id='word_1_151' title='bbox 174 2138 324 2223; x_wconf 73' lang='grc' dir='ltr'><strong><em>βούλεται</em></strong></span> <span class='ocrx_word' id='word_1_152' title='bbox 345 2142 421 2226; x_wconf 80' lang='grc' dir='ltr'><strong>ήμῖν</strong></span> <span class='ocrx_word' id='word_1_153' title='bbox 445 2142 479 2209; x_wconf 87' lang='grc' dir='ltr'><strong>τό</strong></span> <span class='ocrx_word' id='word_1_154' title='bbox 501 2144 559 2228; x_wconf 86' lang='grc' dir='ltr'><strong>τής</strong></span> <span class='ocrx_word' id='word_1_155' title='bbox 578 2142 740 2225; x_wconf 82' lang='grc' dir='ltr'><strong><em>είσιβιίας</em></strong></span> <span class='ocrx_word' id='word_1_156' title='bbox 761 2135 914 2225; x_wconf 78' lang='grc' dir='ltr'><strong><em>ἐγκτόμιον</em></strong></span> <span class='ocrx_word' id='word_1_157' title='bbox 935 2144 969 2206; x_wconf 78' lang='grc' dir='ltr'><strong>ἐν</strong></span> <span class='ocrx_word' id='word_1_158' title='bbox 983 2148 1053 2216; x_wconf 79' lang='grc' dir='ltr'><strong><em>τοῖς</em></strong></span> <span class='ocrx_word' id='word_1_159' title='bbox 1066 2165 1224 2225; x_wconf 75' lang='grc' dir='ltr'><strong><em>στρατια·</em></strong></span> 
     </span>
     <span class='ocr_line' id='line_1_20' title="bbox 82 2238 1141 2330; baseline 0.005 -30"><span class='ocrx_word' id='word_1_160' title='bbox 82 2293 86 2300; x_wconf 91' lang='grc'><strong>.</strong></span> <span class='ocrx_word' id='word_1_161' title='bbox 119 2249 217 2316; x_wconf 73' lang='grc' dir='ltr'><strong><em>τικοῖς</em></strong></span> <span class='ocrx_word' id='word_1_162' title='bbox 240 2248 492 2325; x_wconf 61' lang='grc' dir='ltr'><strong><em>παραγγίλγᾹσι,</em></strong></span> <span class='ocrx_word' id='word_1_163' title='bbox 514 2240 741 2329; x_wconf 76' lang='grc' dir='ltr'><strong><em>προσθήσομίν</em></strong></span> <span class='ocrx_word' id='word_1_164' title='bbox 761 2266 794 2307; x_wconf 91' lang='grc' dir='ltr'><strong>τι</strong></span> <span class='ocrx_word' id='word_1_165' title='bbox 815 2243 858 2327; x_wconf 80' lang='grc' dir='ltr'><strong>τῷ</strong></span> <span class='ocrx_word' id='word_1_166' title='bbox 879 2238 1061 2327; x_wconf 89' lang='grc' dir='ltr'><strong><em>διηγήματι.</em></strong></span> <span class='ocrx_word' id='word_1_167' title='bbox 1135 2319 1141 2330; x_wconf 27' lang='lat' dir='ltr'>x</span> 
     </span>
     <span class='ocr_line' id='line_1_21' title="bbox 23 2340 1224 2431; baseline 0 -22"><span class='ocrx_word' id='word_1_168' title='bbox 23 2362 24 2366; x_wconf 76' lang='grc'>’</span> <span class='ocrx_word' id='word_1_169' title='bbox 78 2355 110 2409; x_wconf 78' lang='lat' dir='ltr'><strong>to</strong></span> <span class='ocrx_word' id='word_1_170' title='bbox 221 2345 401 2418; x_wconf 82' lang='grc' dir='ltr'><strong><em>Μίλλοντος</em></strong></span> <span class='ocrx_word' id='word_1_171' title='bbox 416 2343 520 2410; x_wconf 81' lang='grc' dir='ltr'><strong><em>αι’·τοῢ</em></strong></span> <span class='ocrx_word' id='word_1_172' title='bbox 542 2345 817 2429; x_wconf 73' lang='grc' dir='ltr'><strong><em>διαπεραιωθῆναι</em></strong></span> <span class='ocrx_word' id='word_1_173' title='bbox 832 2340 933 2431; x_wconf 85' lang='grc' dir='ltr'><strong><em>στόλῳ</em></strong></span> <span class='ocrx_word' id='word_1_174' title='bbox 952 2346 1051 2427; x_wconf 86' lang='grc' dir='ltr'><strong><em>βαριῖ</em></strong></span> <span class='ocrx_word' id='word_1_175' title='bbox 1068 2342 1148 2428; x_wconf 88' lang='grc' dir='ltr'><strong><em>πρός</em></strong></span> <span class='ocrx_word' id='word_1_176' title='bbox 1168 2341 1224 2427; x_wconf 79' lang='grc' dir='ltr'><strong>τήν</strong></span> 
     </span>
    </p>
   </div>
   <div class='ocr_carea' id='block_1_3' title="bbox 119 2439 1327 2750">
    <p class='ocr_par' dir='ltr' id='par_1_3' title="bbox 119 2439 1327 2750">
     <span class='ocr_line' id='line_1_22' title="bbox 119 2439 1222 2531; baseline 0 -21"><span class='ocrx_word' id='word_1_177' title='bbox 119 2445 254 2529; x_wconf 84' lang='grc' dir='ltr'><strong><em>Κρήτην</em></strong></span> <span class='ocrx_word' id='word_1_178' title='bbox 273 2447 399 2510; x_wconf 69' lang='grc' dir='ltr'><strong><em>κακοῖσι</em></strong></span> <span class='ocrx_word' id='word_1_179' title='bbox 416 2444 472 2511; x_wconf 87' lang='grc' dir='ltr'><strong>τόν</strong></span> <span class='ocrx_word' id='word_1_180' title='bbox 493 2439 879 2529; x_wconf 75' lang='grc' dir='ltr'><strong><em>ιίπόπλοιινποιήσαοθαι,</em></strong></span> <span class='ocrx_word' id='word_1_181' title='bbox 898 2448 1059 2530; x_wconf 74' lang='grc' dir='ltr'><strong><em>συνῆλθον</em></strong></span> <span class='ocrx_word' id='word_1_182' title='bbox 1080 2442 1115 2510; x_wconf 79' lang='grc' dir='ltr'><strong><em>αἱ</em></strong></span> <span class='ocrx_word' id='word_1_183' title='bbox 1130 2445 1222 2531; x_wconf 71' lang='grc' dir='ltr'><strong><em>τριή·</em></strong></span> 
     </span>
     <span class='ocr_line' id='line_1_23' title="bbox 119 2540 1221 2632; baseline 0.002 -24"><span class='ocrx_word' id='word_1_184' title='bbox 119 2569 188 2629; x_wconf 83' lang='grc' dir='ltr'><strong><em>ρεις</em></strong></span> <span class='ocrx_word' id='word_1_185' title='bbox 209 2545 265 2609; x_wconf 91' lang='grc' dir='ltr'><strong>καί</strong></span> <span class='ocrx_word' id='word_1_186' title='bbox 286 2540 318 2609; x_wconf 90' lang='grc' dir='ltr'><strong>τό</strong></span> <span class='ocrx_word' id='word_1_187' title='bbox 351 2549 414 2611; x_wconf 74' lang='grc' dir='ltr'><strong><em>ταῖν</em></strong></span> <span class='ocrx_word' id='word_1_188' title='bbox 443 2543 586 2612; x_wconf 78' lang='grc' dir='ltr'><strong><em>ὁλκάδων</em></strong></span> <span class='ocrx_word' id='word_1_189' title='bbox 614 2549 738 2632; x_wconf 75' lang='grc' dir='ltr'><strong><em>πλῆθος</em></strong></span> <span class='ocrx_word' id='word_1_190' title='bbox 760 2547 805 2625; x_wconf 79' lang='grc' dir='ltr'><strong>τίς</strong></span> <span class='ocrx_word' id='word_1_191' title='bbox 833 2543 866 2612; x_wconf 88' lang='grc' dir='ltr'><strong>τό</strong></span> <span class='ocrx_word' id='word_1_192' title='bbox 892 2549 955 2616; x_wconf 76' lang='grc' dir='ltr'><strong><em>ταῖν</em></strong></span> <span class='ocrx_word' id='word_1_193' title='bbox 975 2548 1150 2631; x_wconf 78' lang='grc' dir='ltr'><strong><em>Φαγίλλων</em></strong></span> <span class='ocrx_word' id='word_1_194' title='bbox 1170 2553 1221 2614; x_wconf 60' lang='grc' dir='ltr'><strong><em>λιι</em></strong></span> 
     </span>
     <span class='ocr_line' id='line_1_24' title="bbox 119 2642 1327 2750; baseline 0.004 -43"><span class='ocrx_word' id='word_1_195' title='bbox 119 2642 255 2728; x_wconf 80' lang='grc' dir='ltr'><strong><em>γόμινον</em></strong></span> <span class='ocrx_word' id='word_1_196' title='bbox 280 2647 494 2713; x_wconf 84' lang='grc' dir='ltr'><strong><em>κατατόιτιον·</em></strong></span> <span class='ocrx_word' id='word_1_197' title='bbox 539 2651 595 2712; x_wconf 85' lang='grc' dir='ltr'><strong>καί</strong></span> <span class='ocrx_word' id='word_1_198' title='bbox 614 2651 785 2732; x_wconf 79' lang='grc' dir='ltr'><strong><em>γενομένης</em></strong></span> <span class='ocrx_word' id='word_1_199' title='bbox 809 2650 865 2732; x_wconf 80' lang='grc' dir='ltr'><strong>τῆς</strong></span> <span class='ocrx_word' id='word_1_200' title='bbox 884 2649 1088 2729; x_wconf 78' lang='grc' dir='ltr'><strong><em>ἐμπλωίσιισς</em></strong></span> <span class='ocrx_word' id='word_1_201' title='bbox 1106 2650 1221 2714; x_wconf 77' lang='grc' dir='ltr'><strong><em>όνταα-</em></strong></span> <span class='ocrx_word' id='word_1_202' title='bbox 1311 2725 1327 2750; x_wconf 79' lang='lat'><strong>-.</strong></span> 
     </span>
    </p>
   </div>
   <div class='ocr_carea' id='block_1_4' title="bbox 181 2767 1219 2922">
    <p class='ocr_par' dir='ltr' id='par_1_4' title="bbox 181 2767 1219 2922">
     <span class='ocr_line' id='line_1_25' title="bbox 189 2767 1219 2854; baseline 0.002 -19"><span class='ocrx_word' id='word_1_203' title='bbox 189 2779 216 2835; x_wconf 82' lang='lat' dir='ltr'><strong>t.</strong></span> <span class='ocrx_word' id='word_1_204' title='bbox 236 2776 278 2852; x_wconf 84' lang='grc' dir='ltr'><strong><em>ὃς]</em></strong></span> <span class='ocrx_word' id='word_1_205' title='bbox 295 2767 343 2844; x_wconf 77' lang='grc' dir='ltr'><strong>ιτις</strong></span> <span class='ocrx_word' id='word_1_206' title='bbox 363 2781 392 2838; x_wconf 82' lang='lat' dir='ltr'><strong>G.</strong></span> <span class='ocrx_word' id='word_1_207' title='bbox 413 2784 481 2838; x_wconf 87' lang='lat' dir='ltr'><strong>vidit</strong></span> <span class='ocrx_word' id='word_1_208' title='bbox 509 2785 587 2837; x_wconf 89' lang='lat' dir='ltr'><strong>ctiam</strong></span> <span class='ocrx_word' id='word_1_209' title='bbox 605 2786 747 2854; x_wconf 81' lang='lat' dir='ltr'><strong>interpres.</strong></span> <span class='ocrx_word' id='word_1_210' title='bbox 908 2786 949 2839; x_wconf 84' lang='lat'><strong>13.</strong></span> <span class='ocrx_word' id='word_1_211' title='bbox 969 2787 1018 2840; x_wconf 84' lang='grc' dir='ltr'><strong>καλ</strong></span> <span class='ocrx_word' id='word_1_212' title='bbox 1038 2785 1219 2852; x_wconf 79' lang='lat' dir='ltr'>expunxerim.</span> 
     </span>
     <span class='ocr_line' id='line_1_26' title="bbox 181 2845 713 2922; baseline 0.006 -16"><span class='ocrx_word' id='word_1_213' title='bbox 181 2855 235 2906; x_wconf 52' lang='lat'><strong>⁸22.</strong></span> <span class='ocrx_word' id='word_1_214' title='bbox 256 2845 307 2911; x_wconf 86' lang='grc' dir='ltr'><strong>τόν</strong></span> <span class='ocrx_word' id='word_1_215' title='bbox 326 2854 355 2908; x_wconf 86' lang='lat' dir='ltr'><strong>G.</strong></span> <span class='ocrx_word' id='word_1_216' title='bbox 441 2858 501 2922; x_wconf 81' lang='lat'><strong>‚23.</strong></span> <span class='ocrx_word' id='word_1_217' title='bbox 521 2859 663 2914; x_wconf 88' lang='grc' dir='ltr'><strong><em>κατόπιον</em></strong></span> <span class='ocrx_word' id='word_1_218' title='bbox 684 2858 713 2912; x_wconf 86' lang='lat' dir='ltr'><strong>G.</strong></span> 
     </span>
    </p>
   </div>
   <div class='ocr_carea' id='block_1_5' title="bbox 116 2967 1277 3756">
    <p class='ocr_par' dir='ltr' id='par_1_5' title="bbox 116 2967 1277 3756">
     <span class='ocr_line' id='line_1_27' title="bbox 219 2967 1221 3040; baseline 0.008 -20"><span class='ocrx_word' id='word_1_219' title='bbox 219 2967 308 3037; x_wconf 76' lang='lat' dir='ltr'><strong>Atque</strong></span> <span class='ocrx_word' id='word_1_220' title='bbox 329 2984 375 3023; x_wconf 83' lang='lat' dir='ltr'><strong>res</strong></span> <span class='ocrx_word' id='word_1_221' title='bbox 393 2971 499 3038; x_wconf 87' lang='lat' dir='ltr'><strong>quidem</strong></span> <span class='ocrx_word' id='word_1_222' title='bbox 524 2972 633 3039; x_wconf 84' lang='lat' dir='ltr'><strong>generis</strong></span> <span class='ocrx_word' id='word_1_223' title='bbox 652 2970 819 3036; x_wconf 89' lang='lat' dir='ltr'><strong>Phocadum,</strong></span> <span class='ocrx_word' id='word_1_224' title='bbox 841 2985 1016 3040; x_wconf 86' lang='lat' dir='ltr'><strong>quaecunque</strong></span> <span class='ocrx_word' id='word_1_225' title='bbox 1034 2973 1171 3038; x_wconf 87' lang='lat' dir='ltr'><strong>pertinent</strong></span> <span class='ocrx_word' id='word_1_226' title='bbox 1188 2967 1221 3028; x_wconf 78' lang='lat' dir='ltr'><strong>rt</strong></span> 
     </span>
     <span class='ocr_line' id='line_1_28' title="bbox 120 3040 1219 3111; baseline 0 -19"><span class='ocrx_word' id='word_1_227' title='bbox 120 3041 277 3092; x_wconf 87' lang='lat' dir='ltr'><strong>coniunctas</strong></span> <span class='ocrx_word' id='word_1_228' title='bbox 296 3040 376 3093; x_wconf 91' lang='lat' dir='ltr'><strong>uobis</strong></span> <span class='ocrx_word' id='word_1_229' title='bbox 395 3050 507 3106; x_wconf 88' lang='lat' dir='ltr'><strong>aetates,</strong></span> <span class='ocrx_word' id='word_1_230' title='bbox 527 3042 682 3094; x_wconf 68' lang='lat' dir='ltr'><strong>celebratae</strong></span> <span class='ocrx_word' id='word_1_231' title='bbox 699 3051 778 3111; x_wconf 89' lang='lat' dir='ltr'><strong>atque</strong></span> <span class='ocrx_word' id='word_1_232' title='bbox 801 3043 986 3110; x_wconf 74' lang='lat' dir='ltr'><strong>frequentatae</strong></span> <span class='ocrx_word' id='word_1_233' title='bbox 1005 3051 1075 3108; x_wconf 90' lang='lat' dir='ltr'><strong>suut,</strong></span> <span class='ocrx_word' id='word_1_234' title='bbox 1096 3051 1123 3096; x_wconf 88' lang='lat' dir='ltr'><strong>et</strong></span> <span class='ocrx_word' id='word_1_235' title='bbox 1140 3045 1219 3096; x_wconf 86' lang='lat' dir='ltr'><strong>testi.</strong></span> 
     </span>
     <span class='ocr_line' id='line_1_29' title="bbox 118 3111 1218 3182; baseline -0.001 -20"><span class='ocrx_word' id='word_1_236' title='bbox 118 3113 209 3163; x_wconf 92' lang='lat' dir='ltr'><strong>monio</strong></span> <span class='ocrx_word' id='word_1_237' title='bbox 228 3121 290 3164; x_wconf 86' lang='lat' dir='ltr'><strong>sont</strong></span> <span class='ocrx_word' id='word_1_238' title='bbox 309 3111 350 3164; x_wconf 90' lang='lat' dir='ltr'><strong>his</strong></span> <span class='ocrx_word' id='word_1_239' title='bbox 369 3121 428 3164; x_wconf 91' lang='lat' dir='ltr'><strong>tum·</strong></span> <span class='ocrx_word' id='word_1_240' title='bbox 444 3115 597 3181; x_wconf 77' lang='lat' dir='ltr'><strong>superiores</strong></span> <span class='ocrx_word' id='word_1_241' title='bbox 616 3115 784 3166; x_wconf 80' lang='lat' dir='ltr'><strong>narrationes</strong></span> <span class='ocrx_word' id='word_1_242' title='bbox 803 3122 856 3165; x_wconf 88' lang='lat' dir='ltr'><strong>tum</strong></span> <span class='ocrx_word' id='word_1_243' title='bbox 875 3129 924 3165; x_wconf 84' lang='lat' dir='ltr'><strong>rex</strong></span> <span class='ocrx_word' id='word_1_244' title='bbox 941 3113 1218 3182; x_wconf 25' lang='lat' dir='ltr'><strong>dominuslllieepho.</strong></span> 
     </span>
     <span class='ocr_line' id='line_1_30' title="bbox 119 3183 1219 3252; baseline 0.001 -18"><span class='ocrx_word' id='word_1_245' title='bbox 119 3198 163 3234; x_wconf 89' lang='lat' dir='ltr'><strong>rus</strong></span> <span class='ocrx_word' id='word_1_246' title='bbox 182 3183 296 3248; x_wconf 81' lang='lat' dir='ltr'><strong>Phocus,</strong></span> <span class='ocrx_word' id='word_1_247' title='bbox 324 3186 370 3252; x_wconf 85' lang='lat' dir='ltr'><strong>qui</strong></span> <span class='ocrx_word' id='word_1_248' title='bbox 396 3201 439 3237; x_wconf 90' lang='lat' dir='ltr'><strong>res</strong></span> <span class='ocrx_word' id='word_1_249' title='bbox 457 3185 589 3239; x_wconf 86' lang='lat' dir='ltr'><strong>Romanas</strong></span> <span class='ocrx_word' id='word_1_250' title='bbox 614 3187 763 3252; x_wconf 87' lang='lat' dir='ltr'><strong>suscipiens</strong></span> <span class='ocrx_word' id='word_1_251' title='bbox 794 3186 923 3252; x_wconf 84' lang='lat' dir='ltr'><strong>angustiis</strong></span> <span class='ocrx_word' id='word_1_252' title='bbox 956 3187 1062 3237; x_wconf 90' lang='lat' dir='ltr'><strong>omuino</strong></span> <span class='ocrx_word' id='word_1_253' title='bbox 1084 3185 1219 3250; x_wconf 86' lang='lat' dir='ltr'><strong>et-inopia</strong></span> 
     </span>
     <span class='ocr_line' id='line_1_31' title="bbox 119 3255 1277 3326; baseline 0.001 -21"><span class='ocrx_word' id='word_1_254' title='bbox 119 3255 292 3306; x_wconf 80' lang='lat' dir='ltr'><strong>circumfusas</strong></span> <span class='ocrx_word' id='word_1_255' title='bbox 311 3255 504 3309; x_wconf 86' lang='lat' dir='ltr'><strong>Saracenorum</strong></span> <span class='ocrx_word' id='word_1_256' title='bbox 521 3256 692 3326; x_wconf 81' lang='lat' dir='ltr'><strong>Arabumque</strong></span> <span class='ocrx_word' id='word_1_257' title='bbox 720 3257 891 3322; x_wconf 87' lang='lat' dir='ltr'><strong>expeditione</strong></span> <span class='ocrx_word' id='word_1_258' title='bbox 920 3257 999 3308; x_wconf 89' lang='lat' dir='ltr'><strong>etiam</strong></span> <span class='ocrx_word' id='word_1_259' title='bbox 1026 3263 1088 3307; x_wconf 90' lang='lat' dir='ltr'><strong>ante</strong></span> <span class='ocrx_word' id='word_1_260' title='bbox 1107 3270 1218 3324; x_wconf 77' lang='lat' dir='ltr'><strong>reguum</strong></span> <span class='ocrx_word' id='word_1_261' title='bbox 1274 3285 1277 3289; x_wconf 89' lang='lat'><em>-</em></span> 
     </span>
     <span class='ocr_line' id='line_1_32' title="bbox 118 3326 1218 3394; baseline 0.004 -18"><span class='ocrx_word' id='word_1_262' title='bbox 118 3329 290 3393; x_wconf 86' lang='lat' dir='ltr'><strong>recuperavit</strong></span> <span class='ocrx_word' id='word_1_263' title='bbox 318 3335 345 3379; x_wconf 89' lang='lat' dir='ltr'><strong>et</strong></span> <span class='ocrx_word' id='word_1_264' title='bbox 368 3330 554 3394; x_wconf 85' lang='lat' dir='ltr'><strong>resuscitavit,</strong></span> <span class='ocrx_word' id='word_1_265' title='bbox 580 3329 675 3380; x_wconf 83' lang='lat' dir='ltr'><strong>multis</strong></span> <span class='ocrx_word' id='word_1_266' title='bbox 689 3328 826 3380; x_wconf 88' lang='lat' dir='ltr'><strong>laboribus</strong></span> <span class='ocrx_word' id='word_1_267' title='bbox 848 3334 874 3378; x_wconf 87' lang='lat' dir='ltr'><strong>et</strong></span> <span class='ocrx_word' id='word_1_268' title='bbox 901 3326 1090 3380; x_wconf 84' lang='lat' dir='ltr'><strong>certaminibus</strong></span> <span class='ocrx_word' id='word_1_269' title='bbox 1109 3326 1218 3380; x_wconf 77' lang='lat' dir='ltr'><strong>bellicis</strong></span> 
     </span>
     <span class='ocr_line' id='line_1_33' title="bbox 118 3397 1217 3469; baseline 0 -21"><span class='ocrx_word' id='word_1_270' title='bbox 118 3397 257 3451; x_wconf 87' lang='lat' dir='ltr'><strong>debellans</strong></span> <span class='ocrx_word' id='word_1_271' title='bbox 283 3399 451 3452; x_wconf 83' lang='lat' dir='ltr'><strong>adversarios</strong></span> <span class='ocrx_word' id='word_1_272' title='bbox 480 3417 567 3469; x_wconf 89' lang='lat' dir='ltr'><strong>usque</strong></span> <span class='ocrx_word' id='word_1_273' title='bbox 591 3401 623 3452; x_wconf 87' lang='lat' dir='ltr'><strong>ad</strong></span> <span class='ocrx_word' id='word_1_274' title='bbox 647 3399 772 3452; x_wconf 85' lang='lat' dir='ltr'><strong>Nicaeam</strong></span> <span class='ocrx_word' id='word_1_275' title='bbox 797 3399 954 3466; x_wconf 84' lang='lat' dir='ltr'><strong>praedantes</strong></span> <span class='ocrx_word' id='word_1_276' title='bbox 973 3399 1121 3463; x_wconf 89' lang='lat' dir='ltr'><strong>orientem,</strong></span> <span class='ocrx_word' id='word_1_277' title='bbox 1142 3406 1169 3449; x_wconf 92' lang='lat' dir='ltr'><strong>et</strong></span> <span class='ocrx_word' id='word_1_278' title='bbox 1189 3399 1217 3448; x_wconf 92' lang='lat' dir='ltr'><strong>iu</strong></span> 
     </span>
     <span class='ocr_line' id='line_1_34' title="bbox 118 3467 1217 3534; baseline -0.005 -12"><span class='ocrx_word' id='word_1_279' title='bbox 118 3468 232 3522; x_wconf 86' lang='lat' dir='ltr'><strong>Gilicnm</strong></span> <span class='ocrx_word' id='word_1_280' title='bbox 250 3477 347 3521; x_wconf 89' lang='lat' dir='ltr'><strong>terram</strong></span> <span class='ocrx_word' id='word_1_281' title='bbox 372 3471 514 3524; x_wconf 87' lang='lat' dir='ltr'><strong>includens</strong></span> <span class='ocrx_word' id='word_1_282' title='bbox 535 3477 597 3525; x_wconf 84' lang='lat' dir='ltr'><strong>eo&#39;s:</strong></span> <span class='ocrx_word' id='word_1_283' title='bbox 622 3473 719 3524; x_wconf 90' lang='lat' dir='ltr'><strong>deinde</strong></span> <span class='ocrx_word' id='word_1_284' title='bbox 746 3473 825 3523; x_wconf 87' lang='lat' dir='ltr'><strong>etiarn</strong></span> <span class='ocrx_word' id='word_1_285' title='bbox 849 3471 987 3522; x_wconf 80' lang='lat' dir='ltr'><strong>maximam</strong></span> <span class='ocrx_word' id='word_1_286' title='bbox 1005 3467 1129 3534; x_wconf 82' lang='lat' dir='ltr'><strong>insulam,</strong></span> <span class='ocrx_word' id='word_1_287' title='bbox 1148 3467 1217 3524; x_wconf 82' lang='lat' dir='ltr'><strong>Gra.</strong></span> 
     </span>
     <span class='ocr_line' id='line_1_35' title="bbox 117 3539 1241 3611; baseline 0.001 -20"><span class='ocrx_word' id='word_1_288' title='bbox 117 3547 177 3606; x_wconf 85' lang='lat' dir='ltr'><strong>tam,</strong></span> <span class='ocrx_word' id='word_1_289' title='bbox 197 3556 362 3594; x_wconf 82' lang='lat' dir='ltr'><strong>conservans</strong></span> <span class='ocrx_word' id='word_1_290' title='bbox 374 3543 551 3594; x_wconf 86' lang='lat' dir='ltr'><strong>Romanorum</strong></span> <span class='ocrx_word' id='word_1_291' title='bbox 571 3545 693 3611; x_wconf 86' lang='lat' dir='ltr'><strong>irnperio,</strong></span> <span class='ocrx_word' id='word_1_292' title='bbox 714 3559 783 3611; x_wconf 89' lang='lat' dir='ltr'><strong>quae</strong></span> <span class='ocrx_word' id='word_1_293' title='bbox 797 3542 902 3611; x_wconf 90' lang='lat' dir='ltr'><strong>quidem</strong></span> <span class='ocrx_word' id='word_1_294' title='bbox 920 3557 963 3594; x_wconf 88' lang='lat' dir='ltr'><strong>res</strong></span> <span class='ocrx_word' id='word_1_295' title='bbox 982 3539 1100 3598; x_wconf 83' lang='lat' dir='ltr'><strong>difficilis</strong></span> <span class='ocrx_word' id='word_1_296' title='bbox 1120 3541 1171 3607; x_wconf 84' lang='lat' dir='ltr'><strong>luit</strong></span> <span class='ocrx_word' id='word_1_297' title='bbox 1184 3540 1217 3592; x_wconf 87' lang='lat' dir='ltr'><strong>ad</strong></span> <span class='ocrx_word' id='word_1_298' title='bbox 1239 3600 1241 3602; x_wconf 47' lang='grc'><strong>,</strong></span> 
     </span>
     <span class='ocr_line' id='line_1_36' title="bbox 116 3612 1216 3683; baseline -0.003 -21"><span class='ocrx_word' id='word_1_299' title='bbox 116 3612 280 3664; x_wconf 88' lang='lat' dir='ltr'><strong>tractandam</strong></span> <span class='ocrx_word' id='word_1_300' title='bbox 300 3615 521 3683; x_wconf 82' lang='lat' dir='ltr'><strong>exigendumque.</strong></span> <span class='ocrx_word' id='word_1_301' title='bbox 559 3616 618 3682; x_wconf 90' lang='lat' dir='ltr'><strong>pius</strong></span> <span class='ocrx_word' id='word_1_302' title='bbox 637 3623 724 3667; x_wconf 89' lang='lat' dir='ltr'><strong>autem</strong></span> <span class='ocrx_word' id='word_1_303' title='bbox 741 3616 769 3666; x_wconf 90' lang='lat' dir='ltr'><strong>in</strong></span> <span class='ocrx_word' id='word_1_304' title='bbox 788 3613 867 3665; x_wconf 87' lang='lat' dir='ltr'><strong>rebus</strong></span> <span class='ocrx_word' id='word_1_305' title='bbox 887 3613 983 3665; x_wconf 84' lang='lat' dir='ltr'><strong>divinis</strong></span> <span class='ocrx_word' id='word_1_306' title='bbox 1002 3620 1083 3681; x_wconf 86' lang='lat' dir='ltr'><strong>atque</strong></span> <span class='ocrx_word' id='word_1_307' title='bbox 1100 3612 1129 3664; x_wconf 89' lang='lat' dir='ltr'><strong>in</strong></span> <span class='ocrx_word' id='word_1_308' title='bbox 1148 3625 1216 3665; x_wconf 88' lang='lat' dir='ltr'><strong>con.</strong></span> 
     </span>
     <span class='ocr_line' id='line_1_37' title="bbox 118 3684 1217 3756; baseline 0.001 -23"><span class='ocrx_word' id='word_1_309' title='bbox 118 3684 185 3736; x_wconf 84' lang='lat' dir='ltr'><strong>siliis</strong></span> <span class='ocrx_word' id='word_1_310' title='bbox 210 3685 448 3751; x_wconf 86' lang='lat' dir='ltr'><strong>prudentissimus,</strong></span> <span class='ocrx_word' id='word_1_311' title='bbox 476 3694 502 3737; x_wconf 90' lang='lat' dir='ltr'><strong>et</strong></span> <span class='ocrx_word' id='word_1_312' title='bbox 526 3687 580 3738; x_wconf 84' lang='lat' dir='ltr'><strong>dux</strong></span> <span class='ocrx_word' id='word_1_313' title='bbox 605 3688 782 3751; x_wconf 81' lang='lat' dir='ltr'><strong>fortissimus,</strong></span> <span class='ocrx_word' id='word_1_314' title='bbox 807 3686 887 3756; x_wconf 88' lang='lat' dir='ltr'><strong>idque</strong></span> <span class='ocrx_word' id='word_1_315' title='bbox 915 3685 1009 3752; x_wconf 88' lang='lat' dir='ltr'><strong>partim</strong></span> <span class='ocrx_word' id='word_1_316' title='bbox 1027 3699 1076 3751; x_wconf 92' lang='lat' dir='ltr'><strong>per</strong></span> <span class='ocrx_word' id='word_1_317' title='bbox 1093 3684 1170 3737; x_wconf 90' lang='lat' dir='ltr'><strong>deum</strong></span> <span class='ocrx_word' id='word_1_318' title='bbox 1190 3690 1217 3734; x_wconf 80' lang='lat' dir='ltr'><strong>et</strong></span> 
     </span>
    </p>
   </div>
   <div class='ocr_carea' id='block_1_6' title="bbox 117 3756 1323 3826">
    <p class='ocr_par' dir='ltr' id='par_1_6' title="bbox 117 3756 1323 3826">
     <span class='ocr_line' id='line_1_38' title="bbox 117 3756 1323 3826; baseline 0.002 -20"><span class='ocrx_word' id='word_1_319' title='bbox 117 3756 207 3808; x_wconf 77' lang='lat' dir='ltr'><strong>diviua</strong></span> <span class='ocrx_word' id='word_1_320' title='bbox 226 3757 273 3821; x_wconf 81' lang='lat' dir='ltr'><strong>vi,</strong></span> <span class='ocrx_word' id='word_1_321' title='bbox 300 3757 395 3824; x_wconf 88' lang='lat' dir='ltr'><strong>partim</strong></span> <span class='ocrx_word' id='word_1_322' title='bbox 420 3757 542 3809; x_wconf 85' lang='lat' dir='ltr'><strong>consiliis</strong></span> <span class='ocrx_word' id='word_1_323' title='bbox 561 3759 667 3826; x_wconf 88' lang='lat' dir='ltr'><strong>optimis</strong></span> <span class='ocrx_word' id='word_1_324' title='bbox 687 3766 714 3809; x_wconf 92' lang='lat' dir='ltr'><strong>et</strong></span> <span class='ocrx_word' id='word_1_325' title='bbox 732 3758 842 3809; x_wconf 88' lang='lat' dir='ltr'><strong>militari</strong></span> <span class='ocrx_word' id='word_1_326' title='bbox 861 3756 1003 3808; x_wconf 82' lang='lat' dir='ltr'><strong>nobilitate</strong></span> <span class='ocrx_word' id='word_1_327' title='bbox 1026 3763 1113 3808; x_wconf 83' lang='lat' dir='ltr'><strong>morte</strong></span> <span class='ocrx_word' id='word_1_328' title='bbox 1137 3763 1216 3822; x_wconf 82' lang='lat' dir='ltr'><strong>opta-</strong></span> <span class='ocrx_word' id='word_1_329' title='bbox 1319 3796 1323 3804; x_wconf 95' lang='lat'>.</span> 
     </span>
    </p>
   </div>
   <div class='ocr_carea' id='block_1_7' title="bbox 117 3827 1216 4037">
    <p class='ocr_par' dir='ltr' id='par_1_7' title="bbox 117 3827 1216 4037">
     <span class='ocr_line' id='line_1_39' title="bbox 117 3827 502 3881; baseline 0.01 -5"><span class='ocrx_word' id='word_1_330' title='bbox 117 3827 217 3880; x_wconf 87' lang='lat' dir='ltr'><strong>tissima</strong></span> <span class='ocrx_word' id='word_1_331' title='bbox 235 3836 263 3878; x_wconf 90' lang='lat' dir='ltr'><strong>et</strong></span> <span class='ocrx_word' id='word_1_332' title='bbox 280 3828 359 3880; x_wconf 88' lang='lat' dir='ltr'><strong>beata</strong></span> <span class='ocrx_word' id='word_1_333' title='bbox 376 3830 502 3881; x_wconf 83' lang='lat' dir='ltr'><strong>decessit.</strong></span> 
     </span>
     <span class='ocr_line' id='line_1_40' title="bbox 215 3897 1216 3968; baseline 0 -18"><span class='ocrx_word' id='word_1_334' title='bbox 215 3897 251 3950; x_wconf 86' lang='lat' dir='ltr'><strong>llt</strong></span> <span class='ocrx_word' id='word_1_335' title='bbox 267 3906 355 3951; x_wconf 89' lang='lat' dir='ltr'><strong>autem</strong></span> <span class='ocrx_word' id='word_1_336' title='bbox 372 3900 527 3967; x_wconf 84' lang='lat' dir='ltr'><strong>intelligant</strong></span> <span class='ocrx_word' id='word_1_337' title='bbox 545 3903 591 3968; x_wconf 90' lang='lat' dir='ltr'><strong>qui</strong></span> <span class='ocrx_word' id='word_1_338' title='bbox 608 3901 728 3953; x_wconf 87' lang='lat' dir='ltr'><strong>incident</strong></span> <span class='ocrx_word' id='word_1_339' title='bbox 752 3901 780 3951; x_wconf 92' lang='lat' dir='ltr'><strong>in</strong></span> <span class='ocrx_word' id='word_1_340' title='bbox 799 3899 847 3951; x_wconf 85' lang='lat' dir='ltr'><strong>has</strong></span> <span class='ocrx_word' id='word_1_341' title='bbox 872 3899 975 3962; x_wconf 89' lang='lat' dir='ltr'><strong>literas,</strong></span> <span class='ocrx_word' id='word_1_342' title='bbox 996 3899 1059 3967; x_wconf 90' lang='lat' dir='ltr'><strong>quid</strong></span> <span class='ocrx_word' id='word_1_343' title='bbox 1077 3898 1129 3950; x_wconf 89' lang='lat' dir='ltr'><strong>sibi</strong></span> <span class='ocrx_word' id='word_1_344' title='bbox 1149 3897 1216 3951; x_wconf 80' lang='lat' dir='ltr'><strong>velit</strong></span> 
     </span>
     <span class='ocr_line' id='line_1_41' title="bbox 119 3969 1142 4037; baseline 0 -15"><span class='ocrx_word' id='word_1_345' title='bbox 119 3971 225 4037; x_wconf 88' lang='lat' dir='ltr'><strong>pietatis</strong></span> <span class='ocrx_word' id='word_1_346' title='bbox 245 3969 364 4022; x_wconf 87' lang='lat' dir='ltr'><strong>laudatio</strong></span> <span class='ocrx_word' id='word_1_347' title='bbox 382 3972 410 4022; x_wconf 91' lang='lat' dir='ltr'><strong>iu</strong></span> <span class='ocrx_word' id='word_1_348' title='bbox 428 3972 589 4024; x_wconf 87' lang='lat' dir='ltr'><strong>militaribus</strong></span> <span class='ocrx_word' id='word_1_349' title='bbox 609 3973 705 4036; x_wconf 86' lang='lat' dir='ltr'><strong>iussis,</strong></span> <span class='ocrx_word' id='word_1_350' title='bbox 724 3971 849 4025; x_wconf 87' lang='lat' dir='ltr'><strong>addemus</strong></span> <span class='ocrx_word' id='word_1_351' title='bbox 868 3969 969 4037; x_wconf 88' lang='lat' dir='ltr'><strong>aliquid</strong></span> <span class='ocrx_word' id='word_1_352' title='bbox 988 3969 1142 4022; x_wconf 88' lang='lat' dir='ltr'><strong>narrationi.</strong></span> 
     </span>
    </p>
   </div>
   <div class='ocr_carea' id='block_1_8' title="bbox 214 4041 1307 4111">
    <p class='ocr_par' dir='ltr' id='par_1_8' title="bbox 214 4041 1307 4111">
     <span class='ocr_line' id='line_1_42' title="bbox 214 4041 1307 4111; baseline 0.001 -18"><span class='ocrx_word' id='word_1_353' title='bbox 214 4041 330 4094; x_wconf 75' lang='lat' dir='ltr'><strong>Volente</strong></span> <span class='ocrx_word' id='word_1_354' title='bbox 348 4057 383 4099; x_wconf 87' lang='lat' dir='ltr'><strong>eo</strong></span> <span class='ocrx_word' id='word_1_355' title='bbox 411 4044 537 4095; x_wconf 87' lang='lat' dir='ltr'><strong>traiicere</strong></span> <span class='ocrx_word' id='word_1_356' title='bbox 566 4043 653 4096; x_wconf 88' lang='lat' dir='ltr'><strong>classo</strong></span> <span class='ocrx_word' id='word_1_357' title='bbox 677 4044 754 4110; x_wconf 87' lang='lat' dir='ltr'><strong>gravi</strong></span> <span class='ocrx_word' id='word_1_358' title='bbox 772 4043 800 4092; x_wconf 91' lang='lat' dir='ltr'><strong>in</strong></span> <span class='ocrx_word' id='word_1_359' title='bbox 820 4042 944 4111; x_wconf 68' lang='lat' dir='ltr'><strong>Cretam,</strong></span> <span class='ocrx_word' id='word_1_360' title='bbox 966 4048 1046 4108; x_wconf 87' lang='lat' dir='ltr'><strong>atque</strong></span> <span class='ocrx_word' id='word_1_361' title='bbox 1065 4041 1127 4093; x_wconf 86' lang='lat' dir='ltr'><strong>iude</strong></span> <span class='ocrx_word' id='word_1_362' title='bbox 1146 4055 1215 4094; x_wconf 79' lang='lat' dir='ltr'><strong>cou-</strong></span> <span class='ocrx_word' id='word_1_363' title='bbox 1304 4097 1307 4106; x_wconf 60' lang='lat'><strong>,</strong></span> 
     </span>
    </p>
   </div>
   <div class='ocr_carea' id='block_1_9' title="bbox 118 4113 1245 4258">
    <p class='ocr_par' dir='ltr' id='par_1_9' title="bbox 118 4113 1245 4258">
     <span class='ocr_line' id='line_1_43' title="bbox 118 4113 1245 4178; baseline 0 -12"><span class='ocrx_word' id='word_1_364' title='bbox 118 4116 264 4178; x_wconf 82' lang='lat' dir='ltr'><strong>accudere,</strong></span> <span class='ocrx_word' id='word_1_365' title='bbox 294 4123 480 4167; x_wconf 86' lang='lat' dir='ltr'><strong>convenerunt</strong></span> <span class='ocrx_word' id='word_1_366' title='bbox 504 4117 626 4167; x_wconf 87' lang='lat' dir='ltr'><strong>triremes</strong></span> <span class='ocrx_word' id='word_1_367' title='bbox 651 4123 678 4165; x_wconf 89' lang='lat' dir='ltr'><strong>et</strong></span> <span class='ocrx_word' id='word_1_368' title='bbox 699 4113 841 4166; x_wconf 87' lang='lat' dir='ltr'><strong>multitudo</strong></span> <span class='ocrx_word' id='word_1_369' title='bbox 859 4113 967 4165; x_wconf 84' lang='lat' dir='ltr'><strong>navium</strong></span> <span class='ocrx_word' id='word_1_370' title='bbox 985 4114 1169 4168; x_wconf 84' lang='lat' dir='ltr'><strong>tractoriarum</strong></span> <span class='ocrx_word' id='word_1_371' title='bbox 1187 4115 1215 4166; x_wconf 81' lang='lat' dir='ltr'><strong>ia</strong></span> <span class='ocrx_word' id='word_1_372' title='bbox 1241 4137 1245 4144; x_wconf 93' lang='lat'>·</span> 
     </span>
     <span class='ocr_line' id='line_1_44' title="bbox 118 4184 1230 4258; baseline -0.003 -19"><span class='ocrx_word' id='word_1_373' title='bbox 118 4184 309 4258; x_wconf 73' lang='lat' dir='ltr'><strong>ltygeltorum</strong></span> <span class='ocrx_word' id='word_1_374' title='bbox 329 4201 399 4256; x_wconf 85' lang='lat' dir='ltr'><strong>quae</strong></span> <span class='ocrx_word' id='word_1_375' title='bbox 417 4186 544 4256; x_wconf 83' lang='lat' dir='ltr'><strong>dieuntut</strong></span> <span class='ocrx_word' id='word_1_376' title='bbox 559 4187 698 4256; x_wconf 75' lang='lat' dir='ltr'><strong>regionem</strong></span> <span class='ocrx_word' id='word_1_377' title='bbox 716 4193 766 4252; x_wconf 87' lang='lat' dir='ltr'><strong>et,</strong></span> <span class='ocrx_word' id='word_1_378' title='bbox 794 4201 852 4238; x_wconf 87' lang='lat' dir='ltr'><strong>cum</strong></span> <span class='ocrx_word' id='word_1_379' title='bbox 877 4185 1090 4248; x_wconf 79' lang='lat' dir='ltr'><strong>conscenderam</strong></span> <span class='ocrx_word' id='word_1_380' title='bbox 1108 4186 1146 4240; x_wconf 88' lang='lat' dir='ltr'><strong>ibi</strong></span> <span class='ocrx_word' id='word_1_381' title='bbox 1163 4200 1230 4237; x_wconf 49' lang='lat' dir='ltr'><strong>nar-¹</strong></span> 
     </span>
    </p>
   </div>
   <div class='ocr_carea' id='block_1_10' title="bbox 0 0 1488 4825">
    <p class='ocr_par' dir='ltr' id='par_1_10' title="bbox 0 0 1488 4825">
     <span class='ocr_line' id='line_1_45' title="bbox 0 0 1488 4825; baseline 0 2"><span class='ocrx_word' id='word_1_382' title='bbox 0 0 1488 4825; x_wconf 95' lang='lat' dir='ltr'><strong> </strong></span> 
     </span>
    </p>
   </div>
  </div>
 </body>
</html>
