2967 4825
238 241 288 323 tt
548 254 770 350 arcelaus
796 218 1056 326 urinatores

240 424 415 511 στρατηγός
432 426 499 491 'reia
523 425 750 491 Κακκιιδοκῶν
771 422 1021 504 καθιστάμενος,
1043 416 1350 497 „aestuantem

234 522 263 611 ἢ
285 530 405 608 μᾶλλον
426 526 524 591 εἰπεῖν
536 526 702 611 ἀπατήσας
723 524 824 591 edvin
843 526 1001 608 βασιλέως
1022 524 1241 590 ἀποσταλέντα
1262 521 1350 606 πρὸς

242 632 428 713 διανέμησιν
459 630 521 693 τοῖν
550 632 786 709 στρατιωτικῶν
820 626 986 712 δψωνλειν,
1018 628 1214 713 ἐχειρώσατο
1233 627 1350 691 τούτοιν

242 735 297 797 κατ’
318 732 445 813 δεσμοῖς
465 732 681 811 καθοιιδβιιλε.
707 729 949 794 διαναστάνταν
974 730 1011 793 δὲ
1030 729 1074 804 εἰς
1096 718 1254 813 ὖκδίκησιτ
1273 721 1353 791 ἑτέ-ι

243 847 307 915 ρ’ων
328 831 534 916 στρατιωτῶν
566 834 628 897 τῶν
646 853 680 896 τε
710 831 836 908 δτσμοδν
865 829 980 915 α’νειθη
1001 819 1117 911 οὗτος,
1139 827 1195 893 καί
1213 825 1269 893 τὸν
1288 830 1386 895 ‹te-5

242 935 421 1019 δεσμηκότα
438 934 710 1017 κατεργασάμενος
734 931 797 996 τῶν
819 930 1001 1015 ὀφθαλμῶν
1034 930 1240 1013 αἀεστδρησε.
1283 929 1353 1015 uid-⁶

242 1037 298 1113 βας
319 1021 376 1093 σύν
396 1028 566 1111 κατασχών
586 1028 661 1103 τούς
683 1032 739 1113 τῆς
761 1032 859 1113 αύτῆς
879 1033 1127 1118 τηλαηροοθδντι
1162 1028 1355 1094 κεκοινοικύ-

242 1155 301 1206 τας
321 1132 453 1215 μελέτης
474 1128 650 1215 ἠνάγκασεν
671 1124 816 1215 ύρτιύσαι
836 1130 875 1196 τύ
900 1127 983 1195 duda
1006 1132 1061 1195 κατ’
1080 1128 1355 1215 προκινδυνεῦσαι

242 1234 376 1315 ταχέας,
397 1234 453 1297 κατ’
470 1230 515 1315 μη
539 1226 705 1315 σποράδας
728 1235 893 1316 ληφθῆναι
915 1231 970 1297 καί
987 1236 1107 1297 ααθεῖν
1122 1229 1160 1296 τὰ
1181 1226 1352 1321 ἅτηκεστα.

246 1340 414 1419 γενομένης
435 1333 542 1400 τοίνυν
578 1337 633 1419 τῆς
655 1333 869 1417 συμκινὴσεως
892 1336 966 1419 περὶ
994 1332 1052 1408 τὰς
1074 1330 1206 1416 ἐαρινάς
1225 1332 1353 1415 sponsis
1369 1343 1414 1397 10

109 1444 129 1499 l.
143 1442 192 1499 177
207 1439 435 1520 τ.αροσέθενιο
457 1432 577 1512 τούτοις
599 1438 718 1515 πολλοί,
736 1435 797 1499 ,καί
810 1431 1032 1520 καθημερινὴν
1048 1430 1272 1516 λαμβανούσης
1290 1435 1356 1516 τῆς

246 1535 442 1612 αἀοσιασίας
463 1535 636 1621 ἐπαύξησιν
657 1537 703 1610 εἰς
721 1540 804 1619 μέγα
816 1538 939 1621 πλῆθος
960 1534 979 1619 ἦ
1000 1532 1209 1618 συνύθροισις
1229 1534 1353 1617 ηέηανε.
1398 1552 1405 1556 ·

246 1640 302 1703 κατ’
322 1635 553 1720 ἀναγορεύουσι
575 1634 754 1722 στρατηγὸν
768 1631 988 1721 αύτοκροίτορα
1011 1634 1068 1699 τὸν
1088 1630 1356 1720 α’ρχισύμβοτλοτ

244 1738 397 1807 'laudator
422 1737 478 1803 τδν
503 1735 678 1824 Κομνηνύν.
737 1742 957 1819 μετατίθενται
985 1739 1021 1802 δὲ
1056 1732 1137 1820 πρὸς
1168 1733 1222 1799 τὸν
1248 1736 1280 1799 ἕν
1311 1737 1357 1823 τῇ

247 1839 410 1913 Βύζαντος
432 1843 567 1921 βασιλέα
583 1839 697 1921 συχνοὶ
716 1843 781 1907 τῶν
801 1842 836 1903 εἰι
858 1841 913 1923 τῆς
931 1834 1013 1913 ἒύας
1035 1837 1250 1921 στρατιωτῶν.
1295 1838 1359 1900 κατ’
1371 1855 1416 1907 15

247 1934 266 2002 δ
287 1942 355 2019 μέν,
380 1934 395 1999 d
424 1940 601 2021 Κομνηνός,
622 1942 697 2013 τούς
724 1932 766 2005 ’ἑκ
791 1940 906 2023 ταύτης
934 1935 1001 2022 εἶχε
1022 1939 1140 2019 μόνους
1159 1940 1356 2017 συντιθεμέ-

246 2064 320 2115 νους
341 2041 441 2128 αύτῷ,
463 2033 479 2103 ‘d
502 2042 536 2103 δὲ
557 2039 612 2105 καί
632 2042 706 2115 τούς
720 2044 934 2125 αρσσρυέντας
956 2042 1078 2105 εἰιιῐθιν
1099 2041 1154 2103 καί
1165 2042 1272 2105 πᾶσαν
1293 2036 1357 2122 την

248 2135 400 2222 donandas
423 2137 571 2222 δύναμιν.
616 2144 804 2225 εύτριαίσας
822 2143 859 2206 δὲ
881 2138 935 2206 δια
959 2138 1085 2206 πάντων
1104 2129 1258 2224 στρατιύν
1277 2136 1356 2204 ἱκτα-

248 2241 315 2327 νὴν,
336 2246 369 2307 ἐκ
391 2246 447 2327 τῆς
469 2244 625 2329 Εὐρύτης
647 2246 691 2321 εἰς
708 2244 818 2309 Ἀσίαν
838 2240 913 2318 τούς
934 2239 1131 2326 στρατιώτας
1153 2232 1358 2325 διααεραιοιι

248 2346 347 2428 θῆναι
370 2346 530 2429 αεαοιήκτ.
588 2349 643 2409 κατ’
670 2348 767 2429 μέχρι
788 2346 1081 2428 τῆςΝικομηδείας
1103 2339 1274 2428 γενόμενοι,
1298 2342 1420 2409 saiw

247 2442 302 2520 τὰς
324 2442 439 2529 σκηνὰς
460 2442 561 2510 ἐκεῖσε
572 2443 755 2530 πηξάμενοι,
774 2444 832 2529 την
852 2447 916 2511 τῶν
931 2444 1079 2508 ἐναντίαν
1093 2444 1249 2524 detinerer
1270 2441 1359 2528 ἔφο-

250 2545 319 2608 δον·
363 2539 406 2619 ὥς
428 2547 456 2608 d'
479 2541 611 2636 ἔμελλεν
628 2542 727 2629 αὕτη,
759 2548 795 2612 εἰι
824 2541 1065 2629 προστάγματος
1095 2545 1265 2626 βασιλικού
1284 2539 1358 2619 'sede

250 2647 314 2728 τῆς
333 2648 473 2721 Νικαιάς
502 2643 601 2731 ὅριὀις
624 2645 950 2734 ἀροσεμαελύζαυοιτ
999 2641 1247 2730 αρακαταλαβιύτ
1275 2644 1357 2710 aldai

310 2839 348 2894 ,7.
367 2841 424 2900 ταῖν
439 2839 678 2914 παραθέντων-Ο.
787 2845 832 2899 θλ.
851 2844 882 2899 ἐκ
900 2857 943 2896 om
962 2841 992 2898 G.

126 3046 128 3050 ’
147 3069 152 3072 -
254 3029 545 3098 Cappadocumiaetns
565 3031 675 3085 vincens
695 3031 755 3086 slve
773 3035 863 3101 potius
882 3031 980 3085 fallens
1000 3046 1079 3097 eum,
1106 3033 1151 3101 qni
1170 3049 1185 3084 a
1203 3041 1269 3154 ’σερε
1286 3033 1359 3086 inis.

253 3104 299 3154 siis
328 3110 386 3153 erat
404 3101 436 3153 ad
455 3103 708 3155 administrationem
732 3107 885 3158 militarium
913 3105 1121 3172 stipendiorum,
1148 3106 1219 3172 cepit
1256 3120 1308 3156 unc
1330 3114 1360 3156 et

253 3176 281 3224 in
301 3172 502 3226 vinculaiecit.
541 3189 599 3227 cum
624 3183 710 3227 antem
737 3179 917 3229 surrexissent
941 3176 974 3228 ad
990 3177 1121 3227 ultionem
1140 3177 1224 3227 ceteri
1243 3173 1357 3240 milites,

253 3244 369 3297 vinculis
398 3245 526 3298 liberatas
552 3255 593 3299 est
617 3243 660 3298 lde
689 3256 716 3298 et
744 3264 821 3313 eum,
851 3250 897 3317 qui
921 3264 950 3301 se
976 3249 1117 3312 vinxerat,
1144 3257 1247 3314 captum
1267 3248 1358 3300 oculis

252 3318 379 3384 privavit.
417 3327 502 3370 metus
522 3320 604 3386 igitur
623 3333 757 3386 occupans
772 3332 827 3384 eos,
848 3321 892 3388 qui
912 3320 1030 3372 eiusdem
1049 3336 1108 3387 cum
1128 3320 1267 3386 expunctis
1283 3333 1357 3371 ocu.

254 3389 295 3440 los
314 3389 459 3456 participes
477 3390 585 3442 fueraut
604 3388 807 3455 meditationis,
825 3392 916 3457 coegit
931 3395 1029 3457 'rapere
1048 3406 1119 3441 arma
1140 3398 1167 3442 ct
1185 3399 1263 3451 antea
1280 3405 1357 3458 pug.

253 3473 313 3510 nam
334 3461 449 3526 experiri
470 3462 611 3524 celeriter,
633 3470 659 3512 et
678 3477 792 3526 cavere,
811 3477 846 3513 ne
865 3456 977 3528 dispersi
997 3470 1156 3528 caperentur
1176 3471 1203 3513 et
1220 3461 1356 3523 intolera-

252 3531 318 3580 bilia
337 3538 501 3596 paterentur.
541 3533 611 3582 iacta
630 3533 711 3602 igitur
732 3533 930 3600 conspiratione
950 3535 1021 3584 circa
1039 3534 1113 3585 veris
1131 3543 1234 3600 tempus
1258 3531 1356 3584 solsti-

253 3600 327 3665 tiale,
349 3601 484 3654 coniuncti
503 3611 565 3655 'sunt
584 3619 642 3652 cum
662 3605 702 3654 his
721 3602 807 3668 multi,
828 3614 932 3656 etcum
951 3605 1071 3672 quotidie
1090 3607 1225 3673 acciperet
1235 3603 1356 3656 delectio

253 3671 454 3734 accessionem,
483 3673 516 3723 ad
535 3687 654 3740 magnam
673 3672 868 3727 multitudinem
888 3673 1063 3745 congregatio
1083 3679 1187 3728 crevit:
1208 3685 1235 3727 et
1260 3684 1357 3728 creant

254 3743 347 3792 clunem
374 3750 400 3792 et
425 3743 557 3794 dominum
582 3746 730 3812 principem
756 3745 888 3798 lsaalridm
914 3748 1095 3811 Gomnenum3
1121 3748 1357 3814 transgrediuntur

254 3819 342 3862 autem
361 3813 394 3863 ad
412 3829 503 3882 regem
522 3815 645 3881 Byzantii
666 3827 816 3870 versantem
834 3819 909 3870 multi
930 3819 1100 3870 orientalium
1119 3820 1251 3882 militum3
1271 3827 1357 3886 atque

255 3882 406 3935 Gomnenus
435 3887 541 3952 quidem
571 3901 605 3937 ex
633 3887 683 3939 hac
709 3896 784 3940 terra‘
803 3890 880 3949 ¹solos
906 3891 1065 3942 coniunctos
1084 3891 1134 3942 sibi
1155 3888 1277 3954 habebat,
1306 3889 1356 3942 hic
1383 3940 1388 3953 ,

254 3957 341 4004 autem
361 3957 440 4006 etiam
459 3958 503 4024 qui
523 3957 599 4009 illinc
619 3957 782 4011 adduxerant
801 3969 829 4012 et
847 3976 950 4011 omnem
969 3962 1162 4014 occidentalem
1171 3963 1237 4013 vim.
1276 3976 1358 4012 com.

255 4035 348 4089 parans
374 4035 460 4078 autem
487 4032 593 4080 omnino
619 4033 765 4082 exercitum
790 4041 877 4098 aptum
903 4048 936 4082 ex
960 4035 1067 4100 Europa
1092 4035 1119 4083 in
1145 4034 1234 4085 Asiam
1253 4031 1358 4084 milites

253 4097 399 4148 traduxitz'
414 4104 493 4168 atque
522 4113 581 4152 cum
606 4113 690 4170 usque
718 4105 751 4154 ad
778 4103 955 4155 Nicomediam
984 4107 1122 4157 venissent
1149 4112 1176 4156 et
1204 4112 1288 4161 castra
1315 4105 1358 4164 'rbi

253 4166 382 4241 finissent,
402 4170 516 4225 hostium
536 4169 725 4238 adspectabant
743 4175 884 4242 impetnme
905 4177 950 4244 qtil
969 4183 1027 4228 cum
1045 4178 1157 4229 instaret
1175 4175 1249 4229 iussn
1266 4177 1359 4244 regis,
