2967 4825
166 251 168 254 ⁵
261 260 351 372 eis.
563 289 782 361 nscnnnns
811 282 1069 354 imbueres
1133 248 1143 271 ’

261 474 391 551 πεδίον,
414 467 472 551 τήν
498 458 635 588 πρόοδον
657 462 758 527 αδτοό
778 459 991 542 ἐκδεχόμενον.
1045 450 1087 529 ὥς
1110 454 1140 517 δ’
1164 447 1376 570 ἀνεφάνησαν

260 569 300 638 ’τά
325 576 441 654 σήμεῖα
471 569 527 630 καί
554 562 780 687 προσεχώρουν
804 585 837 625 αι
828 554 1051 656 ’παρατάξεις
1081 555 1205 633 αὐτοῦ,
1232 555 1376 634 βαρεῖαν
1430 642 1432 653 ,

262 676 517 756 ’άπαγγέλλουσαι
539 666 593 749 τήν
618 667 718 730 ου’τοῦ
739 662 950 747 ἐπιφοίτησιν,
975 656 1031 722 καί
1050 657 1087 723 τά
1112 659 1230 738 κέρατα
1245 676 1376 716 παντα-

200 847 202 855 ,
259 776 361 897 χόδεν
388 769 526 857 φοβερόν
547 792 579 832 τι
608 769 663 830 καί
690 759 940 847 καταπληκτικόν
971 760 1197 843 ἐπεσήμαινον,
1229 757 1377 828 κάκεῖνος

262 878 296 939 ἐν
320 872 527 954 παρασήμοις
548 869 635 952 παρά
658 870 813 931 πλειονων
836 862 1124 947 δορυφορούμενος
1136 852 1399 936 κατελάμβανε-5

180 1007 187 1012 ·
261 972 466 1049 διατάξαντες
489 966 560 1036 66‘
546 967 683 1043 εαυτοός
705 964 875 1049 στοιχηδὸν
901 964 930 1027 οἱ
952 963 1032 1047 πρὸς
1053 964 1133 1025 θέαν
1152 956 1286 1037 ἐξιόντες
1312 978 1375 1017 πο-
1431 950 1435 961 ’

262 1082 369 1157 λῖται;
398 1075 431 1137 οἳ
448 1097 481 1137 τε
511 1073 702 1154 στρατιῶται
731 1068 790 1141 τὰς
823 1060 961 1141 άσπίδας
989 1066 1201 1146 προτείνοντες
1237 1057 1295 1120 καί
1315 1051 1375 1128 τάς

239 1173 385 1293 αἰχμάς
412 1177 475 1238 τάν
507 1168 612 1236 ὅπλων
633 1166 906 1292 ἐπισυναίρυντες,
925 1165 988 1248 η’χή
1012 1187 1044 1229 τε
1074 1163 1137 1235 τῶν
1156 1164 1296 1277 βυκινων
1321 1152 1376 1219 καί

264 1279 328 1343 τάν
348 1281 529 1358 σαλπίγγων
551 1274 667 1356 ἐγίνετο
683 1267 738 1333 καί
758 1267 791 1336 τό
816 1270 871 1351 τῆς
892 1268 1052 1384 εδρημιάς
1075 1257 1160 1347 ήρδη
1183 1256 1271 1343 παρά
1291 1254 1374 1321 πάν-

215 1441 218 1446 ,
261 1396 328 1443 των
353 1374 538 1459 περίοπτον,
562 1370 675 1451 ἔδοξαν
707 1367 736 1433 οἱ
758 1373 886 1440 πλειόος
906 1364 963 1456 τήν
988 1366 1168 1449 παρουσίαν
1189 1362 1290 1427 ου’τοό
1310 1364 1375 1437 βα·
1385 1373 1414 1426 10
1464 1434 1465 1463 6

264 1481 378 1552 σιλέως
407 1474 558 1559 μεγίστου
597 1472 653 1539 καί
684 1468 906 1537 δυνατωτάτου
944 1466 1181 1533 καθίστασθαι·
1230 1463 1376 1533 κάκεῖνος

265 1578 415 1661 ὑπεράνω
437 1573 551 1650 παντός
581 1571 711 1657 λόγου
698 1571 812 1637 εαυτόν
837 1570 1085 1654 λογισάμενος,
1100 1561 1216 1648 μεστός
1236 1561 1374 1626 ἐλπίδων

210 1733 212 1735 .
266 1676 322 1742 καί
341 1676 530 1762 αὐχήματος
561 1678 607 1750 είς
627 1673 684 1795 τήν
707 1674 912 1756 ἐνεγκαμένην
943 1666 1038 1733 αότόν
1062 1664 1248 1750 εἰσελήλυθε
1269 1659 1372 1725 πόλιν.
1462 1684 1465 1741 6

260 1774 348 1863 ἦσαν
372 1780 408 1841 δὲ
428 1782 549 1859 ταῦτα,
577 1772 620 1851 οἷς
645 1772 780 1859 ὕστερον
799 1770 844 1835 τό
864 1775 995 1855 πρᾶγμα
1023 1767 1077 1836 τόν
1100 1766 1227 1851 ἔλεγχον
1246 1765 1373 1846 δέδωκε,
1464 1770 1465 1851 6

266 1877 412 1963 πιθήκων
439 1873 460 1962 6
483 1873 626 1962 γεράνων
657 1874 829 1961 δρμήματα
857 1876 912 1938 καί
935 1873 1167 1954 νεανιεύματα·
1212 1864 1290 1932 ἔνθα
1311 1865 1410 1951 66915

267 1981 345 2059 θεός
365 1981 404 2043 o6
428 1983 619 2045 συνευδοκεῖ
635 1980 691 2043 καί
709 1978 905 2063 ψηφίζεται,
928 1977 983 2043 καί
1002 1977 1116 2059 πρᾶξις
1139 1971 1301 2053 stotzam
1321 1966 1374 2030 καί
1425 2045 1428 2053 1
1464 2000 1465 2061 6

267 2087 424 2168 θεοφιλής
447 2078 572 2146 διάνοια
588 2085 645 2164 τήν
667 2074 794 2143 ἄνωθεν
815 2079 1064 2143 consenescens
1084 2078 1247 2160 βοήθειαν,
1269 2073 1370 2159 φροό-

1464 2180 1465 2267 6

1464 2248 1465 2315 6

1464 2346 1465 2399 6

148 2227 182 2267 ¹,
272 2185 327 2247 δον
352 2176 437 2248 άπαν
458 2186 513 2248 καί
537 2183 671 2259 α’σδενὲς
698 2178 734 2245 τό
758 2182 833 2300 παρ’
857 2180 1038 2263 ἀνθρώπων
1057 2178 1230 2262 γενόμενον.

369 2281 415 2349 Ἐν
437 2286 472 2348 δὲ
493 2287 534 2372 τή
552 2283 731 2370 Ῥαιδεστῷ,
755 2280 815 2366 πρό
840 2285 898 2345 τοῦ
913 2280 969 2345 τόν
986 2283 1161 2363 Βρυὲννιον
1181 2282 1370 2359 καταλαβεῖν

268 2388 314 2463 εἰς
333 2381 621 2470 -Ἀδριανοόπολιν,
653 2380 907 2506 ἐπικρατήσάσης
936 2384 992 2466 τής
1020 2378 1214 2464 Βατατζίνης
1248 2378 1371 2462 (ἐδιχο-
1353 2397 1465 2456 -20

267 2484 362 2552 νόουν
395 2490 455 2570 γάρ
478 2510 561 2561 τινες
588 2510 668 2568 προς
686 2508 743 2568 την
764 2485 863 2548 ου’τοό
883 2487 1095 2568 ἐπιχειρήσει)
1130 2477 1369 2566 α’νηγορεόθηό
1464 2475 1465 2492 ¹

268 2592 451 2672 Βρυέννιος.
494 2593 549 2652 καί
565 2590 694 2670 πρῶτον
715 2583 806 2669 ἔργον
835 2593 901 2660 τοῖς
920 2589 1086 2668 ἐγχωρίοις
1108 2586 1230 2666 ἐγένετο
1253 2577 1286 2645 τό
1309 2606 1369 2644 κα-
1464 2665 1465 2672 6

269 2693 375 2754 θελεῖν
404 2689 460 2753 καί
480 2693 671 2770 καταβαλεῖν
704 2690 749 2762 είς
768 2689 826 2772 γήν
852 2684 887 2752 sd
913 2683 1017 2752 κοινόν
1048 2682 1196 2769 άτόπημα
1219 2683 1275 2749 καί
1296 2683 1368 2746 α’δί-
1464 2679 1465 2772 6

258 2821 267 2880 3
342 2864 534 2920 octono.

271 3035 349 3102 signa
368 3039 396 3083 et
409 3029 572 3083 accedebant
589 3031 696 3083 ordines
715 3030 772 3082 eius
792 3046 902 3100 gravem
921 3033 1074 3083 nuntiantes
1096 3031 1238 3083 adventum
1261 3039 1288 3081 et
1307 3047 1366 3083 cor.
1464 2993 1465 3042 l

270 3119 324 3157 nna
337 3105 453 3171 undique
475 3102 672 3153 formidolosum
699 3118 792 3154 sonum
814 3111 840 3154 et
865 3103 1010 3154 terribilem
1029 3104 1173 3168 canebant,
1195 3109 1221 3154 et
1242 3102 1290 3154 ille
1311 3119 1366 3154 eum

269 3175 420 3244 insignibus
440 3191 456 3225 a
474 3173 595 3241 plurimis
615 3174 792 3240 circumdatus
810 3177 935 3238 advenit,
961 3183 987 3226 et
1012 3191 1041 3228 se
1068 3174 1244 3241 disponebant
1270 3191 1366 3226 secun.

183 3299 185 3302 ,
271 3250 332 3300 dnm
351 3248 458 3298 ordines
481 3247 525 3314 qui
550 3248 583 3298 ad
602 3247 773 3312 spectandum
800 3249 919 3298 exierant
940 3248 1014 3298 cives
1040 3255 1066 3298 et
1091 3247 1190 3298 milites
1210 3254 1285 3298 scuta
1303 3260 1366 3312 pro·
1392 3293 1394 3300 .

269 3318 416 3371 tendebant
452 3326 478 3368 et
509 3319 631 3384 cuspides
667 3333 798 3368 armorum
822 3318 967 3381 tollebant,
1000 3326 1026 3368 et
1058 3318 1168 3387 clangor
1199 3318 1367 3369 buccinarum

95 3395 104 3410 “
185 3419 190 3426 -
272 3400 301 3441 et
317 3389 439 3441 tubarum
458 3389 608 3452 oriebatur,
630 3399 656 3441 et
681 3389 849 3440 salutationis
872 3388 972 3440 clamor
998 3390 1116 3442 sublatus
1138 3399 1177 3442 est
1197 3389 1229 3439 ab
1249 3389 1367 3440 omuibus

272 3462 370 3525 clarus,
389 3469 514 3528 putarunt
532 3461 638 3527 plurimi
658 3462 835 3528 praesentiam
855 3460 911 3512 eius
930 3461 1003 3528 rogis
1021 3462 1126 3512 maximi
1147 3467 1173 3512 et
1191 3459 1368 3526 potentissimi

272 3535 381 3586 adesse:
411 3540 491 3599 atque
517 3531 565 3583 ille
584 3547 664 3598 snpra
683 3546 787 3582 omnem
806 3547 956 3584 sermonem
980 3547 1009 3582 se
1028 3533 1185 3596 aestimans,
1206 3531 1302 3598 plenus
1322 3547 1368 3598 spe

273 3613 301 3656 et
321 3602 447 3670 superbia
474 3605 502 3653 in
521 3602 613 3654 urbem
631 3619 700 3671 quae
731 3619 790 3654 eum
808 3602 915 3666 tulerat,
945 3605 1082 3670 ingressus
1102 3613 1169 3658 est,
1189 3611 1265 3654 erant
1283 3611 1368 3654 autern

271 3677 349 3739 haec,
369 3683 398 3724 ut
416 3681 510 3740 postea
528 3689 572 3725 res
591 3676 651 3741 ipsa
669 3675 854 3726 documentum
873 3675 959 3738 dedit,
980 3677 1115 3726 simiorum
1145 3675 1190 3726 vel
1209 3691 1305 3743 gruum
1325 3677 1366 3725 in-

272 3754 350 3812 cepta
372 3753 400 3795 et
417 3744 549 3795 iuvenilia
569 3744 646 3795 facta.
684 3745 730 3795 ubi
751 3747 818 3796 enim
838 3746 901 3797 deus
929 3760 981 3796 non
1004 3749 1148 3800 assentitur
1168 3755 1195 3797 et
1211 3747 1368 3815 suffragatur

215 3824 217 3829 '
243 3858 246 3865 .
273 3824 301 3867 et
318 3831 362 3868 res
378 3816 485 3868 sincera
505 3824 532 3866 et
549 3816 599 3866 deo
618 3824 720 3884 gratum
747 3817 886 3868 consilium
913 3833 1028 3884 superne
1047 3834 1100 3871 non
1130 3820 1273 3886 impetrant
1292 3819 1366 3870 auxi-

270 3887 352 3953 lium,
372 3888 462 3939 inania
482 3889 569 3938 omnia
589 3895 616 3938 et
634 3890 736 3941 infirma
756 3896 816 3940 sunt
835 3905 903 3957 quae
920 3889 952 3940 ab
972 3890 1121 3942 bominibus
1141 3891 1215 3943 liunt.

369 3986 495 4039 llaedesti
515 3994 601 4037 autem
621 4003 689 4050 cum,
709 3994 849 4054 antequam
869 3987 1020 4054 Bryennius
1037 3988 1231 4055 Adrianopolin
1251 3989 1367 4050 intravit,

268 4060 414 4124 imperaret
431 4058 571 4110 Batatzina
590 4058 796 4125 (dissentiebant
816 4059 886 4109 enim
903 4059 1029 4111 nonnulli
1050 4061 1082 4111 de
1103 4062 1160 4112 eius
1179 4061 1303 4130 incepto)
1324 4075 1366 4111 re.

268 4130 406 4182 nuntiatus
428 4137 469 4181 est
486 4129 635 4198 Bryennius
656 4139 682 4180 et
700 4132 813 4196 primurn
832 4131 928 4186 lactum
945 4131 1045 4184 incolis
1067 4132 1126 4197 luit,
1148 4139 1180 4183 ut
1194 4131 1324 4183 tollerent
1342 4137 1366 4181 et

271 4203 420 4255 deiicerent
445 4199 688 4268 puoncunscelus
708 4212 734 4255 et
758 4203 928 4256 iniuriamet
943 4202 1103 4274 logothetae
1128 4204 1204 4259 triste
1224 4206 1365 4273 cogitatum
