2967 4825
546 287 759 360 ΗΒΤΟΒῙΔ.
912 299 917 308 ’
1076 286 1279 364 bib,

104 448 270 538 ἐχρήσατο
289 460 450 538 μηχαναῖς
463 453 518 520 καί
536 463 759 539 στρατηγικαῖς
773 453 953 540 ἐμπειρίαις
975 454 1055 538 πρδς
1075 453 1132 539 την
1152 454 1229 519 ταδ’
1253 520 1261 523 ,

107 552 251 637 πλήθους
274 558 329 619 καί
345 552 401 639 τὴν
423 556 485 621 τοῦν
506 552 647 622 ὁλκάδων
662 555 827 641 διοίσουσιν,
846 557 890 641 μη
913 546 1001 630 ὄντος
1023 560 1149 638 λιμένος
1172 556 1213 643 τῇ

25 711 29 716 ,
105 652 221 743 Κρήτη
245 658 464 738 (α’λιμένενευς
497 654 560 742 γὰρ
583 662 672 723 πᾶσα
693 655 796 746 ἔστί),
817 657 938 743 μακρὸν
959 653 999 722 δν
1021 654 1069 741 εἴη
1091 659 1240 734 διεξελ-ῐ.
1256 666 1308 723 216
1321 667 1350 724 (r.

103 760 196 821 δεῖν·
241 754 270 819 ’δ
298 759 333 822 δέ
361 756 621 843 παραδοξότατόν
656 762 723 825 ἔστι
755 762 810 825 καί
833 754 912 844 πρὸς
941 756 998 842 τη“ν
1017 761 1073 824 τοῦ
1093 758 1212 843 α’νδρὸς

78 858 291 942 δειῖσέβειαν,
320 861 418 937 λέξων
444 858 589 946 ἔρχομαι.
649 860 911 948 περιταφρεύσας
942 856 982 925 τοὶ
1018 859 1087 925 ἴδια
1115 866 1210 929 πλοῖα

103 964 240 1044 πλησίον
270 963 328 1026 τοῦ
358 959 500 1047 κέστραν
527 964 586 1029 τοῦ
616 961 790 1040 Χάνδακος
819 967 832 1047 ί
842 966 934 1029 τοῦτο
971 960 1030 1047 γέρ
1067 963 1135 1027 ἐστι
1155 963 1211 1045 τῆς

105 1057 238 1147 Κρήτης
270 1058 306 1128 τδ
328 1060 538 1147 ἰσχυρότατον
568 1068 624 1130 καί
652 1064 920 1151 ἡγεμονικώτατον
943 1059 1112 1151 φρούριον)
1136 1062 1212 1127 tnd-

102 1166 190 1246 θητο
219 1164 279 1248 πρδ
310 1163 367 1248 τῆς
395 1160 518 1240 πόλεως
545 1164 591 1240 ὥς
622 1159 684 1231 dut
716 1166 853 1231 σταδίαν
880 1170 997 1252 τριοῖν,
1027 1166 1212 1249 δημηγορῶν

103 1270 174 1339 τοῖς
209 1256 317 1353 ὄχλοις
350 1267 423 1329 καί.
441 1274 506 1341 τοϊς
535 1265 788 1351 συστρατιώταις
822 1271 878 1333 καί
911 1262 1134 1351 σννταγματοὶρ
1138 1286 1213 1348 χαις

15 1359 22 1377 '
60 1380 93 1434 10
103 1366 165 1430 καί
187 1364 367 1451 ναυέρχαις
395 1359 457 1433 ὅσα
487 1369 531 1457 τῷ
559 1372 659 1457 καιρῷ
681 1366 821 1446 καὶτοῖς
843 1368 1212 1453 περικειμένοιςοῖγωνιί·

102 1493 209 1549 σμασι
240 1469 427 1556 πρόσφορα·
478 1472 513 1535 έκ
549 1467 785 1557 μηχανημάτων
815 1472 851 1536 δὲ
883 1479 947 1547 τοῖς
974 1471 1124 1553 τείχεσιν·
1139 1470 1211 1531 έπι-

101 1572 297 1655 καθημένων
326 1574 577 1656 σφενδονηδεῖσα
612 1576 711 1657 πέτρα
744 1571 842 1659 μέσον
870 1574 988 1638 τούτων
1016 1569 1097 1653 μετοὶ
1130 1577 1210 1650 πολ-

105 1672 169 1736 λοῦ
199 1673 254 1736 τοῦ
285 1671 396 1756 ῥοίζου
416 1674 587 1755 κατέπεσε,
620 1676 741 1757 μηδένα
763 1675 822 1755 μὲν
845 1673 1026 1757 α’δικήσασα
1049 1674 1111 1737 τιὸν
1127 1670 1211 1735 Ῥοι-

101 1775 231 1853 μαίιον,
249 1770 350 1859 φόβον
373 1776 409 1838 δὲ
440 1776 496 1838 καί
516 1772 661 1859 ἔκπληξιν
690 1774 731 1837 ου’
749 1777 882 1859 μετρίαν
903 1782 970 1849 τοῖς
992 1766 1074 1847 ὅλοις
1097 1768 1212 1838 ἐνστά-

60 1878 200 1952 15ξασα.
235 1874 252 1937 δ
282 1876 317 1939 δὲ
348 1878 465 1951 Φωκοῖς
501 1876 630 1949 οἰκείαις
657 1880 751 1957 χερσί
782 1874 835 1941 τὸν
873 1858 1090 1959 οἷπυρριριέντα
1120 1871 1211 1937 λίέδαν

100 1974 342 2060 α’νακυνφίσας,
380 1978 434 2041 καί
460 1977 564 2055 δείξας
597 1985 661 2051 τοῖς
691 1978 851 2059 παροῦσιν
884 1974 928 2051 ὥς
953 1976 1127 2058 εδμεγέδης
1156 1969 1213 2039 καί

100 2074 272 2159 χερμέδης
298 2075 367 2142 ἐστι’
390 2080 446 2141 καί
474 2082 625 2141 τοσοῦτον
656 2079 780 2161 α’πέπτη
805 2076 965 2160 διάστημα
997 2068 1071 2139 ὅσον
1105 2071 1212 2137 οὐδενί

44 2184 50 2196 ’
100 2178 168 2241 τοῖν
192 2180 391 2263 πετροβόλων
419 2174 563 2261 δργοίνιον
590 2174 624 2243 έν
655 2187 719 2253 τοῖς
748 2182 995 2261 καταπονηδεῖσι
1017 2178 1090 2257 περί
1111 2177 1212 2239 Κιλι-

102 2282 179 2342 κιάν
196 2280 344 2362 κέντροις
366 2280 548 2344 έκλακτίσαι
571 2284 780 2364 προσγέγονε,
806 2272 1010 2361 παρηγγύησε
1031 2276 1130 2338 πᾶσιν
1150 2274 1210 2337 α’ν-

58 2376 296 2465 culpandum»
310 2380 500 2464 διατεθῆναι
520 2379 575 2445 καί
594 2379 822 2464 συντονώτερον
835 2378 878 2453 ὡς
897 2380 942 2451 εἰς
962 2368 1079 2460 ἄνδρας
1092 2375 1209 2458 ἐληλα-

6 2502 7 2567 η
100 2480 176 2546 κδσι
199 2478 445 2565 Λαιστρυγόνας
473 2475 495 2564 ἢ
526 2481 716 2555 Κύκλωπας.
759 2479 884 2564 πρώτην
915 2481 950 2564 δὲ
982 2477 1128 2563 φυλακὴν
1155 2479 1211 2541 καί

102 2582 241 2667 οἶνδρίον
279 2582 536 2666 α’κατογοδνιοτυν
573 2581 664 2648 ἔθετο
697 2579 753 2646 καί
784 2575 926 2666 ἄγκυραν
962 2577 1209 2664 ἀσφαλεστάτην

6 2748 7 2753 ,
103 2679 253 2763 ὑπέδειξε
274 2683 329 2771 τίην
349 2688 397 2762 εἰς
420 2683 480 2769 τὴν
500 2684 684 2781 δεομητορα
707 2687 762 2749 καί
782 2684 937 2768 πάναγνον
959 2681 1128 2748 δέσποιναν
1149 2702 1209 2743 κα-

6 3062 7 3069 1
103 3025 221 3089 artibus,
241 3029 268 3077 et
285 3023 425 3092 prudentia
453 3024 625 3092 imperatoria
650 3021 683 3075 ad
699 3021 896 3074 multitudinem
923 3028 949 3072 et
966 3034 1050 3072 naves
1069 3019 1209 3070 tractorias

105 3097 312 3161 conservandas,
332 3113 390 3148 cum
408 3111 463 3147 non
482 3104 553 3148 essct
577 3103 670 3162 portus
690 3095 785 3147 Cretae
813 3091 946 3162 (portibus
974 3093 1044 3142 enim
1063 3097 1136 3140 caret
1154 3097 1210 3140 tota

103 3170 219 3242 insula),
237 3169 347 3236 longum
368 3177 408 3221 est
425 3168 570 3236 persequi:
603 3167 673 3234 quod
693 3174 782 3216 autem
807 3165 919 3215 maxime
938 3165 1149 3228 inexspectatum
1170 3167 1210 3212 est

14 3264 28 3286 ·.
104 3250 131 3293 et
159 3240 192 3294 ad
217 3242 270 3292 viri
298 3242 424 3308 pietatem
441 3241 581 3311 pertinet,
611 3237 749 3288 enarrabo.
794 3233 1000 3286 circumvallans
1027 3233 1137 3300 navigia
1162 3245 1211 3283 sua

104 3329 189 3381 prope
212 3311 351 3364 castellum
371 3311 537 3366 Ghandacem
558 3309 624 3378 (hoc
646 3310 715 3360 enim
736 3315 777 3359 est
796 3307 891 3362 Cretae
910 3306 1087 3358 firmissimum
1105 3311 1132 3354 ct
1151 3318 1210 3352 ma.

104 3387 174 3436 xime
192 3385 391 3450 imperatorium
407 3388 535 3452 castrum)
557 3389 644 3433 castra
657 3380 766 3431 tenebat
783 3386 844 3430 ante
863 3377 954 3428 urbem
968 3374 1112 3427 intervallo
1131 3374 1210 3424 trium
1296 3418 1298 3425 .

105 3459 163 3509 iere
181 3457 345 3509 stadiorum:
373 3456 553 3522 pronuncians
577 3451 741 3503 multitudini
770 3458 796 3501 et
814 3445 949 3501 militibus
963 3455 989 3498 et
1008 3445 1209 3498 centurionibus
1257 3458 1266 3466 ·

105 3537 131 3579 et
148 3529 258 3580 navium
277 3527 430 3579 ductoribus
450 3542 519 3595 quae
539 3526 571 3576 ad
590 3533 695 3590 tempus
713 3533 740 3575 ct
758 3523 885 3573 instantia
904 3520 1049 3574 certamina
1067 3525 1141 3569 erant
1160 3532 1209 3568 ac-

105 3601 284 3651 commodata:
305 3615 338 3650 ex
355 3598 485 3650 machinis
505 3605 603 3660 autem,
623 3611 694 3664 quae
706 3595 787 3645 muris
806 3593 946 3660 impositae
967 3599 1051 3654 erant,
1071 3591 1140 3640 iacta
1160 3603 1209 3640 ru.

103 3687 151 3739 pes
169 3674 197 3722 in
215 3672 318 3723 medios
337 3670 385 3722 hos
404 3669 488 3721 multo
509 3685 568 3720 cum
592 3668 712 3719 stridore
731 3664 846 3729 decidit,
865 3665 998 3716 nemiuem
1024 3661 1129 3730 quidem
1147 3659 1208 3710 lae.

103 3745 167 3795 dens
186 3743 375 3806 Romanorum,
394 3743 517 3794 timorem
535 3747 624 3791 autem
646 3747 837 3805 stuporemque
862 3751 916 3786 non
935 3735 1067 3786 modicum
1086 3731 1209 3783 omnibus

103 3817 237 3872 inliciens.
275 3814 322 3866 sed
338 3813 443 3865 Phocas
470 3815 525 3865 suis
545 3810 668 3862 manibus
687 3811 784 3860 iactum
809 3807 924 3874 lapidem
943 3805 1042 3858 tollens
1068 3813 1095 3856 et
1114 3811 1208 3857 osten-

104 3888 168 3939 dens
188 3888 222 3938 iis
241 3887 286 3954 qui
308 3886 432 3950 aderaut,
463 3891 577 3952 quantus
607 3887 678 3933 essct
703 3888 730 3931 et
755 3895 832 3947 quam
856 3877 1030 3929 iaculatorius
1056 3883 1082 3926 et
1109 3881 1210 3926 tautum

104 3958 262 4026 pervolasse
282 3973 340 4008 eum
365 3955 554 4018 intervallum,
576 3959 700 4021 quantum
718 3951 788 4002 nulli
808 3951 983 4002 instrumento
1004 3945 1162 3998 iaculatorio
1181 3947 1210 3996 in
1282 3999 1286 4006 ,

105 4033 198 4082 castris
218 4024 291 4080 circa
308 4028 432 4090 Ciliciam
452 4026 598 4079 exstructis
619 4025 719 4075 eiicere
739 4022 862 4088 contigit,
882 4018 1035 4071 adhortatus
1056 4025 1210 4083 cstomnes,

103 4111 133 4153 ut
152 4102 248 4154 fortius
273 4117 304 4152 se
329 4102 509 4166 disponerent
537 4105 563 4149 et
588 4095 749 4163 patientius,
776 4093 875 4160 qqupe
904 4091 949 4159 qui
978 4097 1070 4140 contra
1088 4089 1211 4141 homines

103 4174 301 4242 Laestrygones
325 4174 371 4223 aut
391 4169 530 4237 cyclopes
555 4169 670 4235 proiecti
691 4173 796 4218 esseut:
819 4165 929 4231 primam
953 4170 1040 4212 autem
1066 4161 1211 4226 custodiam

103 4254 131 4298 et
147 4247 285 4300 virtutem:
302 4245 431 4299 invictam
462 4242 594 4296 instituitz
618 4248 646 4293 et
663 4252 787 4317 ancoram
811 4236 985 4294 certissimam
1002 4233 1161 4287 monstravit
1175 4229 1210 4283 ud

157 4359 240 4416 uus.
262 4358 346 4414 Auat
364 4356 436 4414 flat.
997 4349 1029 4400 15
