2967 4825
257 276 328 358 roo
411 271 413 282 ’
483 355 487 360 ,
554 275 772 347 urcuauurs
802 274 1062 344 ammrouss

254 447 426 531 ἀνεδείχθη
448 446 536 529 παρά
562 450 618 530 τῆς
638 449 816 529 βασιλίδος,
840 443 1056 529 προελθούσης
1078 443 1250 525 βασιλικῶς
1270 436 1352 522 μετά
1429 528 1433 533 .

254 550 317 612 τῶν
339 548 427 612 ἰδίων
448 550 582 631 παίδων,
604 544 646 623 ῶς
668 547 740 623 ἔθος
762 556 826 624 τοῖς
848 550 1045 631 βασιλεῦσιν,
1068 547 1113 619 εἰς
1133 540 1185 609 τὸν
1207 546 1354 624 μέγιστον

255 646 351 732 σηκὸν
374 653 428 731 τῆς
451 653 508 714 τοῦ
528 653 608 714 θεοῦ
630 655 757 735 σοφίας.
1327 744 1333 763 e

346 743 505 838 ²[Aadyapc
527 755 562 814 δὲ
581 754 696 833 πολλῆς
719 753 773 815 καί
792 747 976 831 συγχύσεως
997 752 1031 813 ἐκ
1053 752 1104 830 τῆς
1126 748 1187 812 τῶν
1211 749 1355 863 άλλοφυι-

120 852 140 907 i·
162 853 212 908 187
222 870 244 907 r·
254 854 316 914 λων
341 852 442 915 ἐθνῶν
464 852 683 935 άπηνεστάτης
702 853 877 934 ἐπιδρομῆς
898 852 955 933 την
971 850 1138 931 Ῥωμαίων
1164 850 1380 930 συμπιεζσυ,5

254 976 311 1035 σης
335 954 404 1035 (καί
422 951 483 1035 γάρ
516 951 553 1015 τά
575 955 634 1034 μέν
658 956 773 1029 ἐντοῖς
803 956 916 1028 νοτίοις
937 955 1077 1035 μέρεσιν,
1098 947 1157 1015 ὅσα
1180 947 1258 1034 πρδς
1281 950 1356 1015 Ἀν-

254 1052 397 1138 τιόχειαν
431 1053 485 1117 καί
508 1058 678 1135 Κιλικίαν,
698 1061 769 1127 ταῖς
794 1056 1036 1137 προειρημέναις
1070 1054 1238 1138 ἐκδρομαῖς
1260 1051 1355 1117 άπει-
1429 1136 1431 1141 J

159 1210 169 1227 ,
216 1144 219 1147 ’
253 1154 370 1239 ρηκότα
392 1158 425 1218 ἐν
447 1151 595 1236 ἐσχάτοις
629 1146 708 1240 ἦσαν
731 1152 902 1228 κινδύνοις·
947 1158 979 1217 ἐν
1002 1154 1037 1217 δὲ
1058 1161 1121 1226 τοῖς
1142 1154 1350 1235 βσρειοτέρσις

255 1255 352 1330 αώτός
373 1254 390 1317 δ
404 1253 573 1329 σσυλτάνος
590 1246 788 1341 πανστρατιᾷ
801 1253 981 1337 ἐξελήλυθε,
1001 1254 1152 1335 δυνάμεις
1168 1245 1253 1335 άγιον
1272 1254 1356 1317 σ’νύ-

254 1338 420 1437 πσίστσσς,
454 1359 508 1419 καί
528 1363 592 1431 τοῖς
619 1354 717 1438 ὁρίοις
740 1358 774 1417 ἐν
806 1356 849 1443 τῷ
883 1357 1077 1443 φθινοπώρῳ
1107 1358 1169 1419 τῶν
1188 1350 1399 1435 Ῥωμαίων10

253 1453 454 1539 πρσσήνωτσ,
480 1454 666 1538 βουλόμενος
695 1450 942 1547 παραχειμάσαι
974 1454 1075 1521 ἐκεῖσε
1103 1459 1157 1520 καί
1176 1456 1355 1541 ἀρχομένου

251 1562 309 1621 τοῦ
328 1554 432 1642 ζέαρος
468 1559 646 1643 spesspes·
664 1562 857 1640 προσβαλεῖν
889 1558 943 1623 καί
972 1550 1072 1641 άρδην
1108 1560 1288 1640 α’νατρέψαι
1316 1552 1353 1620 τά

247 1655 415 1739 Ῥωμαίων
435 1657 490 1722 καί
510 1662 671 1745 καθελεῖν)
696 1659 861 1722 ἐσκέπτετο
893 1658 912 1742 ἦ
937 1658 1113 1743 Αδγσῦστα
1135 1662 1190 1723 καί
1212 1659 1280 1723 ὅσοι
1301 1660 1357 1739 τῆς
1407 1695 1411 1700 -

253 1755 377 1843 πρώτης
409 1753 489 1843 ἦσαν
508 1763 636 1844 βουλῆς,
662 1760 723 1825 σάν
746 1762 852 1839 αδτσῖς
877 1765 912 1829 δὲ
944 1766 997 1828 καί
1019 1762 1035 1826 ὅ
1058 1763 1267 1849 πατριάρχης,
1290 1768 1357 1838 πῶς

252 1859 309 1923 καί
331 1865 399 1925 τίνα
423 1854 541 1944 τράπον
562 1862 708 1927 τοσοῦτον
729 1860 835 1927 δεινὸν
856 1864 1082 1948 άποτρέφαιεν.
1128 1867 1183 1929 καί
1207 1869 1355 1943 συνέδοξε
1368 1878 1400 1929 15

253 1956 310 2041 τὴν
329 1960 412 2043 ὑπὲρ
435 1964 499 2024 τῶν
525 1957 606 2027 ὅλων
623 1968 779 2047 κρατῆσαι
812 1964 983 2049 πρόνοιαν,
1009 1970 1064 2031 καί
1086 1970 1142 2051 τῆς
1164 1970 1283 2051 εἰδικῆς
1304 1967 1360 2032 καί

254 2061 695 2147 ἐπιθανατιλιοκπαραγγελιας
720 2065 754 2127 τὸ
778 2070 864 2150 κοινῇ
890 2073 1056 2152 συμφέρον
1086 2071 1228 2144 ἐπιεικῶς
1250 2094 1357 2152 προτι-

175 2196 177 2204 ‚
253 2160 432 2244 μήσασθσι,
452 2156 502 2226 δτι
525 2160 563 2225 τά
585 2162 689 2227 εἷδικσὶ
710 2162 871 2252 σύμφωνα
893 2167 942 2241 τά,
956 2166 1035 2251 πρὸς
1068 2171 1222 2253 δημοσίαν
1246 2174 1357 2235 συντέ.

165 2247 169 2257 ’
252 2266 348 2323 λειαν
367 2260 539 2345 ἐφορῶντα
572 2268 771 2348 περιτρέπειν
803 2266 1002 2353 δεδύνηνται·
1056 2268 1091 2333 τὸ
1117 2268 1177 2353 γάρ
1199 2270 1244 2353 μή
1271 2276 1357 2353 γίνε-

253 2364 332 2425 σθαι
356 2364 489 2448 βασιλέα
525 2361 577 2428 διά
601 2363 656 2429 τὸν
677 2366 731 2448 τῆς
760 2369 873 2446 μίξεως
894 2372 986 2454 ζῆλον
1008 2369 1093 2456 κοινὴ
1125 2372 1278 2458 συμφορά
1301 2375 1357 2438 καί
1367 2385 1403 2438 20

252 2465 440 2544 καθαίρεσις
465 2467 520 2547 τῆς
538 2460 706 2546 Ῥωμαίων
727 2468 830 2552 άρχῆς
852 2472 1048 2552 ἐγινώσκετο.
1081 2471 1176 2552 δόξαν
1192 2467 1249 2564 οὖν
1272 2467 1356 2538 σίίτοι

252 2559 439 2648 κεκράτηκεν
461 2564 626 2652 ῆτσιαάτη
647 2567 767 2652 γνώμη,
784 2569 838 2634 καί
849 2577 985 2652 βασιλέα
999 2579 1057 2654 μὲν
1080 2571 1096 2636 ὃ
1121 2573 1230 2659 καιρὸς
1253 2577 1356 2658 ἐδεῖτο

253 2665 286 2738 ἐξ
309 2659 468 2741 ἅπαντας,
490 2667 520 2729 εί
538 2667 648 2747 μέλλοι
678 2669 717 2732 τὰ
739 2669 905 2750 Ῥωμαίων
934 2671 980 2757 μὴ
1003 2675 1184 2740 ἀπολέσθαι
1204 2674 1246 2740 δι’
1267 2669 1356 2759 ὅλου,

323 2815 350 2867 6.
371 2818 402 2873 ἐν
419 2796 470 2868 olm
492 2818 522 2871 C.
594 2819 621 2871 8.
640 2829 699 2880 τοῖς
718 2837 769 2874 orn.
791 2797 842 2877 (λ’1

256 2973 296 3018 est
314 2983 330 3018 a
348 2970 443 3037 regina
460 2973 605 3026 accedente
624 2977 701 3044 regie
722 2994 782 3028 cum
801 2961 968 3036 suisliberis
987 2993 1016 3038 nt
1033 3001 1103 3044 mos*
1119 2996 1159 3039 est
1183 2989 1291 3058 regibus
1319 2990 1353 3044 nd

253 3039 393 3106 maximum
410 3044 537 3109 templum
555 3048 704 3114 sapientiae
722 3050 775 3101 dei.
1135 3071 1137 3076 ·

294 3141 298 3146 -
352 3110 518 3166 Necessitate
548 3127 637 3170 autem
660 3135 756 3189 magna
785 3131 812 3174 et
838 3125 996 3179 confusione
1020 3139 1131 3197 propter
1148 3134 1355 3200 peregrinorum

253 3182 411 3250 populorum
435 3187 601 3242 durissimam
624 3193 804 3258 incursionem
835 3197 994 3250 Graecorum
1019 3209 1115 3254 terram
1148 3212 1286 3271 premente
1318 3238 1354 3248 -

254 3255 354 3306 etenim
371 3264 459 3310 terrae
483 3261 511 3310 in
530 3263 649 3328 partibus
667 3265 828 3320 australibus
848 3270 880 3320 ad
898 3270 1067 3324 Antiochiam
1088 3282 1114 3325 et
1133 3276 1254 3329 Ciliciam
1277 3292 1353 3328 corn.

251 3331 404 3381 memoratis
429 3331 627 3387 incursionibus
646 3336 808 3405 defatigatae
826 3341 853 3390 in
874 3341 1000 3396 extremis
1020 3346 1354 3413 versabanturporiculis:

251 3399 279 3461 iu
298 3402 553 3466 septentrionalibus
573 3414 659 3458 antem
678 3410 737 3473 ipse
748 3410 866 3464 soltanus
887 3429 945 3464 curn
964 3423 1020 3467 toto
1042 3421 1161 3470 exercitu
1182 3421 1256 3483 exiit,
1278 3423 1354 3471 vires

251 3470 351 3522 duceus
370 3473 573 3541 intolerabiles,
594 3486 620 3528 et
638 3479 734 3530 fluibus
747 3483 894 3535 'auctumuo
916 3485 1075 3540 Graecorum
1102 3491 1278 3556 adhaerebat,
1299 3507 1354 3544 vo-

250 3541 310 3593 leus
330 3542 447 3594 hiemare
466 3545 503 3595 ibi
524 3555 551 3598 et
568 3550 715 3617 incipiente
734 3567 800 3603 vere
819 3556 924 3606 assidue
943 3559 1062 3611 incidere
1076 3570 1103 3612 ct
1122 3562 1240 3615 funditus
1268 3579 1353 3616 ever-

250 3619 309 3663 tere
329 3613 489 3666 Graecorum
508 3625 605 3670 terram
616 3627 653 3685 ¹et
670 3620 765 3672 delere
783 3635 817 3666 ὲ-
836 3629 1040 3682 considerabant
1057 3643 1170 3700 augusta
1188 3643 1215 3686 et
1234 3637 1360 3702 quicar-b

250 3699 304 3750 que
322 3684 350 3733 iu
368 3701 470 3736 snmmo
490 3697 564 3740 erant
582 3698 691 3755 senatu,
710 3709 822 3763 cumque
848 3700 880 3750 iis
905 3703 1072 3770 patriarcha,
1099 3707 1230 3773 quomodo
1248 3714 1353 3758 tantum

249 3754 400 3820 periculum
419 3765 573 3813 averterent
597 3770 624 3812 et
640 3765 727 3815 visum
748 3775 802 3831 est,
829 3779 858 3821 ut
877 3774 1046 3837 providentia
1065 3779 1146 3829 totius
1166 3779 1303 3843 vinceret,
1325 3787 1353 3828 et

249 3832 280 3875 ut
297 3824 346 3876 illa
370 3829 491 3894 privatae
510 3840 537 3882 et
555 3833 724 3900 periculosae
743 3836 887 3892 hortationi
910 3858 1073 3898 communem
1092 3848 1234 3900 utilitatem
1252 3853 1351 3902 merito

250 3897 409 3964 anteferret,
430 3903 492 3969 quia
510 3907 642 3972 propriae
653 3907 842 3964 inclinationes
861 3929 892 3964 ea
911 3930 979 3982 quae
997 3919 1029 3970 ad
1047 3920 1180 3986 publicam
1200 3923 1352 3974 commuui-

248 3975 330 4019 tatem
352 3981 482 4038 spectant,
503 3985 660 4042 pervertere
678 3988 841 4045 potueruut„
869 3987 940 4052 quod
960 3991 1029 4040 euim
1053 4007 1107 4042 uon
1136 4003 1274 4046 crearetur
1299 4009 1350 4044 rex

219 4091 225 4101 ,
248 4047 359 4106 propter
377 4046 496 4114 coniugii
514 4049 612 4114 odium,
633 4065 770 4104 commune
789 4055 885 4106 malum
905 4065 931 4108 et
950 4063 1081 4114 excidium
1101 4066 1205 4132 imperii
1226 4067 1350 4119 Graeco.

248 4125 306 4161 rum
324 4113 495 4169 indicabatur.
532 4120 584 4171 hoc
602 4123 684 4191 igitur
703 4127 772 4190 viso,
793 4129 915 4193 superior
935 4131 984 4184 suit
1003 4134 1064 4186 talis
1091 4139 1232 4202 sententia,
1260 4145 1287 4190 et
1300 4153 1350 4188 re-

247 4197 309 4254 gern
332 4193 436 4254 tempus
462 4191 614 4256 postulabat
644 4197 761 4262 omuino,
794 4200 848 4252 uisi
880 4218 924 4256 res
951 4204 1069 4259 Graecae
1096 4211 1185 4276 perire
1211 4209 1348 4264 deberent
