2967 4825
553 186 763 260 mouri.
1071 228 1085 240 ι
1136 186 1210 261 213
1356 240 1360 250 .

110 355 213 421 λεάων
233 353 279 431 εἷς
297 358 411 420 κακίαν
430 352 485 419 καί
504 356 708 437 μικρολογίαν
735 356 792 420 καί
813 355 907 439 α’γενῆ
931 352 1090 419 πολιτείαν
1110 348 1211 445 Ιδιεγι-
1307 394 1309 401 ·

109 454 256 522 νάσκετο.
306 437 346 537 ’ἦν
368 457 404 519 δὲ
426 444 537 540 οὗτος,
576 452 646 519 δτδ
672 452 788 537 κράτος
808 453 949 540 δηλονότι
974 456 1008 519 έκ
1032 458 1090 519 τοῦ
1113 458 1210 519 ε’που-

110 560 222 641 ρανίου
243 559 401 638 βασιλέως
420 556 632 640 μνηστευθείς
651 553 707 619 καί
726 548 812 634 άξιος
837 557 925 645 ου’τηῖ
946 554 1123 640 λογισθείς,
1144 560 1209 621 Νι-

108 657 248 743 κηφόρος
268 656 507 743 κουροπαλάτης
530 658 545 723 ά
565 660 793 744 Βοτανειάτης,
823 656 855 724 ιάν
874 662 1033 743 πολλαχοῦ
1052 662 1108 744 τῆς
1125 687 1209 746 γρα-

87 760 171 845 5φῆς
194 757 238 834 ὥς
256 764 462 843 τρισαριοτέα
481 759 537 825 καί
558 758 772 843 δοκιμώτατον
795 757 992 844 διελάβομεν.
1037 754 1127 837 οὗτος
1146 764 1207 847 γάρ

108 857 239 943 ειίγενὴς
254 862 317 925 τῶν
340 862 399 945 άφ’
422 859 512 944 ἡλίου
527 862 689 927 α’νατολιόν
702 860 877 939 καθεστώς,
892 861 947 953 καί
965 865 1019 947 τῆς
1040 864 1104 928 τῶν
1128 865 1209 943 τίνοι-

107 964 238 1025 τολιιιῶν
259 962 414 1045 ἐπαρχίας
436 963 602 1045 τυγχάνων
626 948 807 1045 ’πρώτιστος
823 962 953 1053 πλούτῳ
975 961 1031 1028 καί
1050 968 1133 1047 γένει
1154 966 1209 1028 καί

107 1065 252 1126 παλαιάν
279 1058 380 1148 ἔργων
412 1063 468 1127 καί
491 1065 570 1127 νέων
598 1060 818 1148 λαμπρότητι,
852 1067 907 1128 καί
925 1064 992 1150 την
1020 1069 1208 1149 στρατηγίαν

57 1171 68 1180 ’
106 1158 188 1244 έχων
210 1165 269 1227 τοῦ
290 1165 393 1228 ου’τοά
416 1158 566 1247 θέματος,
587 1164 769 1248 περίλυπος
785 1158 825 1248 ἦν
843 1170 943 1231 ταῦτα
967 1166 1066 1249 δρῶν·
1087 1165 1125 1229 ου’
1144 1162 1206 1248 γάρ

69 1259 210 1349 λοέφερε,
233 1266 331 1350 φάσιν
351 1262 433 1346 ἔχων
451 1268 568 1349 ου’σεβῆ
590 1265 644 1330 καί
662 1267 822 1352 φιλόθεον,
845 1270 900 1351 ζῆν
920 1270 977 1333 καί
997 1268 1127 1338 τοιαῦτα
1147 1291 1209 1331 κα-
1236 1312 1238 1317 -
1294 1310 1297 1316 ·
1326 1278 1343 1315 Ἀ

104 1369 204 1449 θοροῖν
233 1366 368 1442 άνοσίως
393 1368 693 1449 πραττόμενοι,.καί
711 1370 815 1433 πάσαν
836 1366 893 1453 την
917 1366 1000 1433 ἐάαν
1022 1377 1087 1441 τοῖς
1111 1374 1207 1431 πολε-

104 1469 189 1548 μίοις
213 1468 409 1539 α’νάυτατον..
424 1467 480 1532 καί
498 1468 598 1559 αὐτὴν
623 1468 677 1552 την
705 1472 844 1554 μεγάλην
867 1467 1205 1535 Κωνσταντινοάπολιν

104 1573 340 1652 πολεμουμένην
358 1576 440 1651 ’τοῖς
457 1571 520 1634 τάν
543 1569 743 1655 κρατούντων
765 1572 912 1657 α’κρατιδς
934 1566 1129 1654 ἀδικήμασι,
1151 1574 1207 1636 καί

102 1664 157 1752 τὴν
174 1664 328 1752 ἑσπερίου
345 1672 403 1754 γῆν
417 1673 680 1757 κατακειρομένην
702 1679 770 1747 τοϊς
792 1668 917 1737 έθνεσιν
939 1672 995 1736 καί
1014 1679 1078 1749 τοῖς
1099 1676 1208 1754 βλαπ-

70 1771 198 1846 1ῑιτικοῖς
223 1766 423 1855 ἐννοήμασιν.
472 1771 542 1836 ἀλλ’
573 1774 743 1858 α’ναφέρων
773 1777 818 1850 εἰς
844 1772 900 1857 τὴν
921 1775 977 1859 τοῦ
1005 1774 1113 1854 γένους
1135 1774 1204 1836 ε’πι.

104 1869 265 1956 σημάτητα
277 1920 287 1953 ,
310 1870 364 1935 καί
384 1870 602 1955 διανοούμενος
623 1874 761 1958 άκριβοῖς
777 1869 819 1949 τάς
841 1876 962 1938 πολλῶν
976 1861 1042 1936 ’καί
1059 1875 1205 1955 μεγάλων

23 2035 24 2042 ,
105 1958 345 2054 α’ριστευμάτων
356 1974 410 2038 καί
429 1972 642 2059 βοηθημάτων
663 1970 681 2057 ἦ
700 1970 869 2055 Ῥωμαίων
882 1974 1043 2037 ιίπέλαυσε
1056 1980 1094 2056 γῆ
1115 1968 1202 2054 παρά

102 2076 163 2137 τιόν
198 2070 362 2158 προγόνων
385 2075 487 2139 ου’τοῦ
510 2072 591 2139 κατά
616 2071 794 2161 διαφόρους
827 2070 956 2155 καιροάς
978 2076 1035 2137 καί
1056 2071 1203 2159 χρόνους,

101 2176 153 2239 καί
174 2172 321 2258 δεάτερος
338 2180 479 2263 φανῆναι
500 2174 620 2240 τούτων
642 2172 771 2253 άνάξιον
786 2173 1003 2259 λογισάμενος,
1015 2177 1046 2239 εἰ
1059 2170 1103 2258 μή
1125 2176 1205 2257 βοη-

23 2353 24 2376 ρ
68 2275 199 2359 λλθὴσαι
233 2284 314 2351 τοῖς,
335 2275 509 2358 κάμνουσιν
541 2277 750 2361 σ’ρθοδάξοις,
779 2278 820 2339 δι’
850 2273 906 2350 οδς
928 2271 1068 2359 Χριστὸς
1089 2272 1106 2337 ά
1128 2270 1204 2347 θεὸς

23 2450 24 2457 ¹
70 2401 78 2422 ι
102 2376 191 2461 ἡμῶν
214 2373 248 2442 τά
273 2380 385 2444 οἰκεῖον
406 2370 486 2460 αἷμα
508 2380 621 2462 ἐξέχεε,
646 2376 1049 2463 ζηλωτὴςδιοιπυροέτοιτος
1072 2374 1202 2460 γίνεται,

102 2479 156 2542 καί
175 2479 234 2564 τήν
252 2479 364 2565 ψυχάν
386 2483 487 2565 ου’τοά
510 2483 636 2564 τίθησιν
656 2478 737 2563 άπέρ
760 2481 813 2566 τῆς
835 2481 891 2543 τοῦ
902 2480 1046 2564 Χριστοῦ
1067 2482 1203 2563 ποίμνης
1267 2544 1269 2547 ,

23 2638 24 2643 ,
102 2583 154 2644 καί
172 2584 229 2648 τοῦ
250 2580 342 2665 άγιόυ
365 2580 479 2659 ἔθνους
501 2576 612 2648 αάτυά.
667 2581 722 2646 καί
740 2585 798 2666 τῆς
826 2580 975 2666 Τοάρκιον
998 2577 1042 2646 ἔτι
1068 2580 1201 2666 ζεσάσης

23 2944 24 2965 ,
104 2898 183 2950 ritate
209 2905 237 2951 et
261 2897 410 2951 humilitate
439 2907 466 2951 et
489 2897 603 2968 ignobili
629 2899 746 2952 civitatis
775 2899 1002 2953 administratione
1027 2905 1105 2952 notus
1135 2906 1200 2951 erat.

23 2974 24 3027 ζ
105 2978 158 3022 erat
175 2977 264 3022 autem
283 2970 337 3035 hic,
357 2972 403 3040 qui
422 2970 566 3038 potentiam
585 2986 601 3022 a
620 2971 735 3024 coelesti
756 2986 822 3038 rege
842 2977 1042 3037 comparaverat
1062 2977 1088 3021 et
1106 2969 1202 3038 dignus

23 3038 24 3055 ¹
105 3050 210 3094 ca'erat
226 3042 349 3106 habitus,
375 3043 540 3111 Nicephorus
564 3043 720 3094 Botauiates
747 3041 911 3109 curopalate,
930 3056 1008 3108 quem
1027 3040 1132 3108 quidem
1150 3057 1202 3092 va.

104 3113 141 3164 rie
164 3114 192 3166 iu
218 3115 350 3181 scriptura
373 3121 403 3165 ut
433 3122 474 3165 ter
498 3116 624 3181 optimum
651 3115 928 3181 spectatissimumque
952 3111 1111 3178 accepimus.
1157 3109 1202 3161 hie

23 3230 24 3233 ,
106 3185 170 3236 cuim
191 3185 291 3236 nobilis
309 3185 451 3249 intereos,
471 3188 551 3254 quia
569 3186 635 3238 solis
648 3193 708 3237 ortu
726 3186 861 3249 habitant,
882 3185 1043 3237 constitutus
1063 3189 1090 3232 et
1108 3183 1202 3233 orien-

23 3272 24 3277 ’
104 3256 136 3306 tis
153 3257 310 3324 provinciae
329 3255 410 3324 longe
429 3258 529 3324 primus
548 3258 650 3309 divitiis
675 3264 701 3307 et
720 3272 822 3326 genere
842 3265 868 3308 et
886 3255 1015 3306 factorum
1033 3261 1155 3305 veterum
1175 3262 1202 3304 et

104 3334 238 3380 recentum
255 3329 462 3395 magnificentia,
482 3337 508 3379 ct
527 3330 666 3395 imperium
681 3327 783 3381 habeus
801 3329 918 3381 eiusdem
937 3326 1101 3394 provinciae,
1121 3324 1201 3377 valde
1262 3367 1264 3376 .

106 3407 158 3450 crat
176 3400 270 3463 tristis,
289 3396 357 3451 haec
377 3400 502 3452 videndo.
515 3416 604 3468 neque
624 3404 694 3452 enim
712 3401 870 3464 sustinebat,
888 3407 982 3450 natura
1001 3398 1135 3465 praeditus
1156 3397 1201 3464 pia

106 3478 130 3520 at
147 3472 189 3522 dci
209 3479 331 3534 amante,
349 3472 444 3522 vivere
470 3473 579 3525 attalia
597 3474 736 3541 adspicere
761 3474 842 3540 impie
861 3469 940 3534 facta,
960 3478 987 3520 et
1004 3478 1088 3521 tetum
1107 3468 1199 3519 oricu-

75 3543 78 3548 ’
104 3548 153 3610 tem
170 3545 220 3609 p‘er
239 3541 330 3595 hostes
350 3537 525 3609 devastatum,
545 3553 625 3612 atquc
645 3547 729 3612 ipsam
741 3559 862 3612 magnam
878 3540 1129 3608 Constantinopolin
1150 3538 1199 3589 de.
1243 3589 1249 3596 ,

104 3611 225 3665 bellatum
254 3615 444 3683 impotentibus
468 3617 653 3682 imperantium
681 3618 805 3680 iniuriis,
832 3622 859 3666 et
883 3612 1077 3666 occidentalem
1102 3620 1200 3663 terram

105 3684 232 3737 desectam
251 3701 299 3754 per
318 3701 437 3756 paganos
454 3695 480 3738 et
492 3688 581 3739 uoxiis
595 3687 732 3740 consiliis:
750 3689 800 3740 sed
818 3695 941 3754 spectans
959 3686 991 3737 ad
1011 3683 1118 3752 generis
1138 3682 1200 3750 glo.

49 3807 53 3814 ,
104 3756 165 3806 riam
184 3763 211 3808 et
228 3767 354 3826 reputans
374 3767 508 3822 accurate,
536 3759 695 3810 Graecorum
724 3767 822 3810 terram
840 3759 922 3810 multa
946 3757 1066 3826 gloriose
1086 3755 1155 3806 facta
1175 3763 1202 3805 et

88 3828 199 3879 vauxilia
217 3831 372 3897 percepisse
397 3830 574 3882 amaioribus
596 3830 651 3880 suis
675 3831 790 3882 diversis
815 3829 999 3882 occasionibus
1025 3836 1051 3878 ct
1069 3826 1200 3892 tempori.
1229 3867 1241 3881 s

104 3896 159 3963 bos,
178 3907 206 3951 ct
222 3901 378 3953 inferiorem
398 3917 528 3969 apparere
547 3901 589 3955 his
608 3901 745 3968 indignum
763 3909 845 3964 ratus,
875 3902 897 3952 si
917 3899 1024 3952 afflictis
1044 3897 1199 3952 orthodoxis

105 3981 153 4020 uon
175 3973 282 4024 veniret
306 3972 424 4038 auxilio,
450 3981 560 4040 propter
588 3987 655 4040 quos
683 3972 804 4025 Christus
833 3972 898 4024 deus
923 3978 1015 4024 noster
1042 3971 1200 4040 sanguinem
1285 3967 1293 3980 ²

106 4053 174 4092 suurn
195 4043 354 4110 effundebat,
374 4052 565 4114 propugnator
574 4044 636 4096 fidei
664 4044 863 4096 ardentissimus
889 4043 936 4106 fit,
963 4049 989 4093 et
1006 4043 1129 4100 animum,
1141 4045 1199 4094 eius

106 4113 185 4165 tendit
206 4128 288 4184 super
316 4116 415 4172 Christi
441 4131 525 4186 grege
552 4124 578 4168 et
604 4124 696 4171 sancto
723 4117 781 4170 eius
806 4114 922 4183 popule:
951 4121 1029 4183 atque
1055 4113 1198 4172 Turcarum
