2967 4825
287 259 365 338 νοο
581 259 797 378 mommo
828 235 1086 337 ιτττττοτοτ

288 434 408 502 τόντων
434 431 476 500 τό
507 430 665 515 σόμβολα,
688 431 732 509 ὥς
753 433 808 497 καί
829 429 947 508 αότοός
979 432 1171 517 ἐκπλαγῆναι
1194 428 1271 510 τοός
1290 437 1398 498 πολε-

288 540 383 619 μίους
410 537 465 602 ’καί
496 529 566 600 τότε
592 537 804 620 βεβαιοτέραν
834 531 888 654 τγν
918 533 1087 618 ὁμολογίαν
1117 535 1395 622 &pecunctantur

288 639 346 722 τῆς
366 631 562 711 δουλοόσεως.
606 635 662 699 καί
679 632 740 718 γὰρ
764 630 931 720 έπιβοίντος
953 637 1056 702 αυτοῦ
1077 637 1130 719 τῆς
1152 633 1304 721 τοιαύτης
1328 636 1398 699 πό-

289 744 368 814 λεως
389 737 472 821 μετοὶ
493 739 550 822 τῆς
570 739 687 813 οἰκείας
709 735 890 821 δυνάμεως,
912 764 966 804 και
995 737 1055 813 τός
1073 733 1242 819 βασιλικός
1261 734 1407 821 εόεργε-

289 843 361 917 σίοις
381 843 437 906 καί
455 846 645 926 στρατηγίας
674 841 788 925 σαφῶς
820 843 1041 921 διατιθεμένου
1072 843 1128 905 καί
1158 839 1425 920 διατόττοντος,5

208 1015 211 1023 ,
286 944 343 1008 καί
352 949 461 1024 τιμαῖς
475 945 693 1027 περιβλέπτοις
713 941 996 1026 καταγεραίροντος
1021 939 1094 1019 τοός
1118 937 1266 1016 α’στικοτίς
1280 963 1314 1003 τε
1337 940 1399 1004 καί

287 1043 427 1129 ξενικοὺς
450 1046 506 1110 καί
527 1036 596 1112 όσοι
617 1046 673 1128 τῆς
694 1046 845 1128 στρατιᾶς
875 1040 929 1108 καί
947 1046 1002 1126 τῆς
1030 1036 1127 1127 ἄλλης
1151 1041 1302 1125 διαμονῆς
1327 1067 1397 1105 πα-

288 1145 481 1233 ρετύγχανον
500 1144 576 1231 περί
596 1143 655 1211 τόν
671 1147 725 1230 τῆς
741 1146 880 1219 Νικαίας
895 1149 1072 1230 περίβολον,
1095 1142 1125 1207 οἱ
1150 1145 1286 1226 Τοῠρκοι
1309 1144 1396 1206 δου-

288 1251 382 1324 λικαῖς
414 1243 767 1331 ἐστρατοπεδεύσαντο,
800 1247 855 1310 καί
881 1243 937 1329 τήν
961 1248 1014 1320 ,είς
1043 1241 1142 1309 ου’τὸν
1163 1239 1394 1328 ἐπιταχθέντες

288 1347 412 1417 εἴσοδον
433 1353 477 1440 τρῖ
497 1347 608 1433 στήθει
631 1348 687 1425 τὰς
705 1355 819 1431 χεῖρας
841 1349 1041 1424 συνίπλεκον,
1062 1347 1117 1410 καί
1136 1343 1194 1429 τὴν
1214 1347 1294 1408 θέαν
1312 1344 1395 1409 τού-
1405 1350 1439 1403 10

286 1476 341 1520 του
362 1451 512 1537 μεγίστην
543 1451 728 1534 εόεργεσιάν
751 1445 891 1514 ἐτίθεντο
901 1495 912 1525 ,
945 1447 1001 1511 καί
1026 1455 1196 1530 συμπονεῖν
1226 1444 1313 1534 ατίτῷ
1336 1450 1395 1510 καί

286 1548 501 1637 συμπράττειν
523 1551 563 1615 τό
585 1549 718 1635 θυμῆρνγ
740 1547 1032 1633 κατεπηγγέλλοντο.
1076 1545 1126 1611 διό
1150 1549 1209 1610 καί
1225 1570 1306 1622 τινες
1326 1549 1393 1611 ταῖν

288 1654 490 1736 ετίπατριδοόν
516 1654 572 1736 τῆς
594 1644 776 1737 Περσιδος,
808 1651 944 1736 α’δελφοί
972 1645 1052 1714 κατό
1078 1647 1181 1733 σάρκα
1212 1645 1270 1712 καί
1290 1648 1394 1734 φύσιν
1434 1681 1440 1688 ·

287 1751 506 1836 ὖπόρχοντες,
535 1755 591 1817 καί
612 1747 668 1836 τήν
699 1754 755 1816 τοῦ
780 1749 1034 1836 Κουτλουμοόση
1064 1752 1250 1829 ἐπωνυμίαν
1268 1750 1302 1812 έκ
1324 1773 1394 1812 τια-

275 1850 392 1941 ’τρρόας
414 1855 628 1937 προσηγορίας
651 1854 858 1938 ἐφέλκοντες,
889 1854 945 1935 τῆς
976 1851 1181 1933 σουλτανικῆς
1200 1851 1236 1914 δέ
1258 1851 1392 1939 μερίδος
1405 1855 1436 1908 15

286 1956 341 2017 καί
360 1956 512 2030 ἐξουσίας,
520 1952 775 2036 ἀντιποιούμενοι
797 1953 852 2018 καί
872 1954 916 2040 τῷ
936 1952 1079 2040 έθγόρχγ
1100 1952 1163 2015 τοῖν
1180 1941 1307 2016 Οόννοον
1332 1949 1395 2014 α’ν-

285 2050 514 2137 τιταττόμενοι,
535 2059 591 2122 καί
615 2053 695 2120 κιττοὶ
718 2057 813 2119 τοῦτο
843 2057 882 2142 τῇ
898 2053 1065 2134 Ῥωμαίων
1096 2049 1394 2139 προσφοιτήσαντες

284 2157 336 2242 γῇ,
357 2152 412 2218 καί
432 2156 546 2240 κρότος
563 2150 688 2232 ἑαυτοῖς
709 2156 874 2221 α’ντίθετον
891 2158 996 2245 ε’κείνρι
1018 2151 1287 2240 περιποιούμενοι,
1309 2177 1394 2237 προ-

288 2258 408 2340 σῆλθον
430 2256 516 2346 αὐτῷ
541 2255 621 2324 κατό
635 2262 786 2324 Νίκαιαν.
816 2261 871 2322 καί
892 2250 966 2342 όπερ
991 2259 1024 2322 έν
1046 2250 1156 2322 οόδενί
1176 2259 1308 2338 βασιλεῖ
1326 2257 1394 2320 ταῖν

214 2420 217 2425 .
287 2359 428 2442 Περσοόν
446 2361 556 2442 γένους
585 2355 670 2436 ὅντες
691 2361 861 2442 βασιλικοῦ
888 2352 961 2425 οὔτε
978 2357 1146 2440 Ῥωμαίων
1180 2357 1391 2435 κατεδέξαντο
1401 2373 1436 2429 20

286 2462 425 2545 πρᾶξαι,
455 2465 551 2527 τοῦτο
578 2460 658 2545 πρός
689 2460 785 2527 αὐτόν
813 2459 1003 2545 παραδόξως
1033 2463 1223 2541 α’ττέδειξαν,
1252 2457 1332 2542 γόνυ
1355 2484 1392 2524 τε
1473 2518 1474 2529 ,

286 2564 448 2637 κλίναντες
466 2566 522 2626 καί
541 2565 762 2647 προοδοποιεῖν
793 2563 880 2650 ου’τῷ
901 2560 958 2646 τήν
987 2562 1032 2640 τίς
1049 2559 1103 2646 τὴν
1123 2564 1277 2645 βασιλίδα
1292 2560 1394 2640 όδοι-

285 2662 402 2746 πυρίαν
430 2660 490 2729 σόν
520 2665 620 2752 πολλῇ
647 2663 837 2749 πεποιθήσει
865 2664 1133 2749 διασημαίνοντες.
1186 2659 1240 2737 οός
1271 2658 1308 2747 δὴ
1335 2665 1394 2727 καί

286 2758 391 2845 λόγοις
420 2763 476 2829 καί
494 2762 623 2849 τρόποις
652 2765 834 2842 ετίσυνέτοις
859 2768 1091 2852 κοσμιωτέρους
1124 2766 1180 2829 καί
1200 2764 1391 2830 ειίνοϊκωτέ·
1472 2754 1473 2775 ό

358 2938 400 2994 19.
419 2941 463 3013 έν]
485 2940 545 2999 ἄνθ
601 2929 604 2934 ’

285 3107 384 3162 firmius
402 3117 509 3177 pactum
529 3117 721 3178 componerent
737 3110 893 3162 servitutis:
914 3110 1012 3167 etenim
1032 3124 1090 3160 oum
1108 3109 1299 3178 ingrederetur
1313 3110 1392 3163 illum

283 3180 377 3233 urbem
396 3196 455 3233 cum
475 3178 524 3234 suo
544 3184 665 3235 exercitu
684 3190 710 3234 et
730 3184 808 3251 regie
825 3182 957 3233 beneficia
976 3189 1002 3233 ct
1020 3182 1132 3249 imperia
1153 3180 1226 3232 eluro
1256 3182 1390 3249 dispone.
1470 3226 1471 3229 ,

285 3259 328 3305 ret
348 3260 376 3303 et
395 3254 539 3319 ordinaret,
559 3263 639 3323 utque
659 3254 804 3306 honoribus
826 3253 974 3305 illustribus
987 3260 1103 3305 'ornaret
1128 3253 1201 3305 urbis
1228 3254 1334 3307 incolae
1364 3263 1393 3306 et

283 3325 444 3393 peregrinos
464 3329 662 3396 etquicunque
687 3343 721 3377 ex
743 3327 864 3377 exercitu
883 3333 909 3376 et
934 3325 1038 3395 reliqua
1064 3326 1127 3380 rede
1152 3325 1262 3377 aderunt
1286 3327 1315 3377 iu
1340 3326 1392 3379 lli.

285 3410 366 3448 cocae
385 3398 509 3463 circuitu,
527 3398 627 3450 Turcue
646 3398 776 3450 seruilem
798 3398 825 3449 iu
844 3397 949 3463 modum
969 3406 1055 3450 cantra
1075 3405 1261 3465 posueruutet
1279 3398 1312 3449 nd
1332 3399 1391 3450 eius
1469 3430 1470 3455 τ

284 3469 384 3521 aditum
409 3470 531 3537 imperati
548 3471 653 3537 pectori
671 3484 764 3522 munus
783 3469 964 3536 implicabant,
984 3476 1011 3521 et
1031 3471 1087 3523 eius
1106 3476 1278 3535 conspectum
1301 3471 1393 3521 mexi-

284 3553 355 3590 mum
373 3540 532 3593 beneficium
552 3541 688 3609 ponebant
706 3549 733 3592 ct
757 3557 787 3593 se
807 3557 864 3591 oum
884 3556 915 3592 eo
935 3541 1057 3593 laborare
1078 3550 1104 3593 et
1122 3556 1205 3609 egere
1222 3550 1296 3609 grato
1314 3541 1393 3595 velle

283 3612 482 3678 promittebant.
504 3613 674 3681 quamohrem
687 3614 767 3664 etrum
778 3612 902 3664 nonnulli
912 3613 1017 3665 nobrlee
1028 3612 1154 3677 Persidis,
1174 3614 1270 3667 iratres
1289 3630 1391 3667 secun.
1468 3668 1469 3675 χ

284 3682 345 3733 dum
365 3698 471 3735 carnem
491 3692 519 3736 et
536 3694 672 3749 naturum,
694 3692 720 3735 et
739 3683 911 3737 Cutlumusuc
931 3698 1080 3753 cognomen
1099 3701 1132 3736 ex
1150 3693 1261 3754 paterno
1280 3688 1391 3737 nomine

283 3753 423 3818 (lucentes,
443 3763 471 3805 et
489 3753 587 3806 cultuni
607 3762 695 3822 partes
716 3764 742 3805 ct
761 3763 920 3839 potestatem
934 3758 1100 3821 affectanter,
1117 3765 1145 3807 ct
1157 3757 1219 3809 duci
1233 3758 1391 3809 Hunnorum

204 3862 206 3866 .
283 3824 402 3894 oppositi
422 3832 449 3877 et
467 3833 520 3877 tum
533 3826 736 3878 Romanorum
729 3829 841 3895 imperio
862 3831 1105 3897 appropinquantes
1126 3837 1152 3879 et
1170 3832 1317 3897 potentiam
1338 3829 1389 3881 sibi

283 3899 433 3962 oppositum
452 3896 496 3949 illi
515 3898 709 3968 conciliantes,
729 3907 903 3953 accesserunt
920 3902 953 3953 ad
974 3916 1033 3951 eum
1052 3900 1183 3953 llioueue·
1211 3910 1290 3970 atque
1317 3902 1390 3968 quod

283 3967 352 4034 opud
370 3968 473 4021 nullum
492 3986 584 4037 regem
602 3969 752 4034 Persarum,
772 3987 830 4022 oum
851 3980 940 4023 essent
961 3989 975 4023 e
987 3988 1096 4045 genere
1106 3970 1202 4039 regio,
1222 3982 1311 4040 neque
1332 3973 1390 4023 llo-

282 4053 419 4091 munorum
439 4043 623 4095 sustinuerunt
641 4043 743 4106 fucere,
763 4042 815 4094 hoc
827 4058 891 4110 ergu
910 4059 967 4095 eum
987 4040 1095 4128 ppneter
1111 4058 1185 4110 opem
1204 4044 1391 4108 ostenderunt,

287 4125 346 4161 enm
366 4118 394 4161 et
413 4128 484 4180 genu
504 4113 645 4167 flecterent
664 4123 691 4167 et
708 4122 736 4166 ut
762 4116 879 4183 praeiret
904 4116 936 4170 td
959 4116 1061 4186 regium
1081 4118 1113 4167 ei
1144 4131 1203 4167 cum
1230 4114 1313 4168 multa
1338 4116 1390 4167 lide

284 4182 584 4255 neutrarumque
610 4188 716 4257 quidem
735 4193 763 4241 et
780 4188 870 4241 verbis
897 4195 923 4240 ct
939 4188 1057 4245 moribus
1075 4188 1248 4258 prudentibus
1265 4187 1393 4241 modoru-
