2967 4825
572 241 781 314 mmmm
1032 354 1038 359 ἢ
1152 244 1226 333 tot

125 418 186 477 νας
207 396 337 477 ίδόντας
359 396 420 479 τάς
437 405 498 467 τάν
517 395 686 485 Ῥωμαίων
708 402 877 493 φάλαγγας
900 406 934 471 δν
953 404 1038 487 τάξει
1059 404 1114 472 καί
1126 407 1232 497 κόσμῳ

126 498 185 565 καί
201 503 359 591 πολεμικῷ
381 505 620 590 παραστήματι.
662 509 718 573 καί
746 504 777 571 οἱ
806 508 873 589 μὲν
894 504 1052 594 προῄεσαν
1080 508 1126 585 εἷς
1153 510 1231 599 τοδ-

123 601 233 682 neom,
263 595 281 663 ό
303 602 338 665 δὲ
358 602 510 684 βασιλεός
536 604 670 672 κατόπιν
692 607 798 675 αότιδν
822 605 1024 693 πανστρατιᾷ
1048 609 1226 689 ἐπεδίωκεν,

123 699 185 779 ἕως
216 696 282 788 άρα
313 705 400 790 δείλη
432 702 513 787 dota
542 709 726 793 κατέλαβεν.
781 711 852 774 ἕπετ’
880 705 948 771 δ’ὁ
977 707 1130 789 βασιλεὺς
1155 708 1230 797 τοὺς

97 805 406 887 5άντιτεταγμένους
429 809 485 871 καί
501 810 791 890 αἰτιιιολεμοάντας
812 801 872 873 οόκ
885 803 961 891 εἶχε,
980 806 1037 891 τήν
1050 812 1086 873 δὲ
1102 832 1229 892 aspepe-
1320 825 1323 831 ’

122 900 222 989 βολήν
250 906 451 994 ἐψιλωμένην
476 913 682 993 στρατιωτῶν
716 912 773 976 καί
801 913 1032 997 πεζοφολάκων
1060 912 1229 993 ἐγίνωσκε,
1311 959 1313 973 .

123 1002 178 1070 διά
208 1002 244 1070 τό
287 1009 366 1091 μηδ’
394 1010 543 1091 εάπορεῖν
572 1008 684 1078 ἱκανοῦ
715 1011 857 1096 πλήθους
889 1004 967 1077 olore
989 1012 1046 1076 καί
1077 1002 1228 1096 παρατά-

122 1110 186 1185 ξεις
208 1110 350 1173 ἐνταῦθα
380 1116 580 1196 καταλιπεῖν,
608 1102 668 1198 ήδη
704 1116 1016 1199 προεξαυτληδέντων
1047 1115 1110 1178 τάν
1138 1116 1227 1178 πλεί-

120 1232 221 1290 στων,
255 1207 298 1282 ὥς
321 1210 573 1297 προδιειληπται,
598 1211 678 1298 ἔγνω
698 1212 742 1298 μή
769 1221 876 1279 πλεῖον
897 1216 1051 1279 ἐπιτεῖναι
1072 1211 1127 1299 τήν
1149 1216 1228 1278 δίω-

75 1314 191 1392 1οξιν,
213 1311 267 1375 ίνα
287 1309 331 1395 μή
356 1308 450 1395 λόχον
482 1315 684 1401 πεποιηκότες
710 1316 740 1380 οἱ
766 1320 900 1400 Τοῦρκοι
926 1316 1101 1409 άφυλάκτιρ
1128 1313 1226 1407 ταότη

121 1409 314 1495 tuotone,
349 1413 405 1478 καί
440 1408 508 1495 άμα
546 1420 728 1482 διασκοπῶν
761 1412 804 1493 ιδς
835 1418 865 1481 εἰ
901 1422 1009 1481 πλεῖον
1043 1422 1225 1504 ἑκμαιιρυν·

120 1513 212 1595 θείη,
242 1513 460 1597 καταλήψεται
480 1518 587 1582 τοῦτον
609 1521 643 1584 ἐν
668 1520 706 1604 τῇ
732 1519 877 1607 ε’πανὸδιρ
900 1514 918 1601 ἦ
944 1520 1000 1597 νύξ
1006 1561 1031 1595 ,·
1049 1522 1104 1583 καί
1135 1543 1226 1601 τηνι-

121 1617 224 1678 καῦτα
252 1610 282 1677 οἱ
313 1616 450 1699 Τοῦρκοι
487 1620 698 1703 παλίντροπον
730 1617 871 1701 θήσουσι
908 1616 964 1701 τήν
1000 1620 1123 1705 φυγήν,
1152 1618 1228 1707 ἐκη-

87 1715 212 1807 Ιβάλοι
237 1714 456 1799 τυγχάνοντες.
505 1717 559 1810 διά
590 1723 693 1784 ταῦτα
726 1722 782 1784 καί
811 1717 868 1804 τήν
896 1718 1065 1805 βασιλικήν
1087 1726 1228 1805 σημαίαν

75 1838 110 1893 15
120 1819 319 1900 ἐπιστρέψας
348 1815 461 1883 νόστου
492 1820 728 1904 ἐπιμνησθῆναι
757 1818 947 1904 διήγγελλεν.
993 1818 1023 1885 οἱ
1050 1824 1085 1887 δὲ
1117 1820 1227 1906 πόρρω

123 1915 182 1994 τάς
205 1919 379 2009 ’φάλαγγας
419 1915 543 2001 ἔχοντες
584 1923 807 2005 στρατιῶται,
844 1916 912 2002 τήν
939 1917 1135 2005 ἐπιστροφήν
1171 1922 1226 2003 τής

118 2021 291 2101 βασιλικῆς
312 2023 452 2102 σημαίαις
473 2020 606 2099 ἰδόντες,
630 2018 784 2111 ᾠήθησαν
805 2014 887 2107 ήττη
908 2017 958 2085 τὸν
978 2025 1114 2102 βασιλέα
1136 2045 1226 2103 περι·

123 2126 242 2184 πεοεῖν.
287 2118 331 2197 ιδς
352 2120 379 2183 δ’
402 2118 432 2183 οἱ
454 2122 566 2186 πολλοὶ
586 2123 855 2208 πληροφσροῦσιν,
877 2114 925 2185 ὅτι
947 2126 1010 2185 τῶν
1034 2119 1255 2207 decapenta„

123 2246 186 2287 των
208 2220 296 2309 αὐτῷ
317 2245 377 2303 τις,
397 2218 572 2308 ἐξάδελφος
592 2216 638 2287 άν
659 2226 702 2310 τῷ
722 2224 780 2288 τοό
800 2227 957 2304 βασιλέως
984 2228 1126 2309 προγονιβ
1153 2227 1227 2289 Μι-

72 2344 111 2402 20
120 2322 219 2407 χαήλ,
241 2326 553 2409 προβεβουλευμένην
568 2320 651 2405 ἔχων
666 2322 722 2407 τήν
742 2320 823 2388 κατά
839 2322 955 2387 τούτου
968 2322 1148 2410 ἐπιβουλήν,
1164 2326 1237 2388 ου’-’

124 2422 182 2500 τός
203 2425 259 2490 τόν
278 2429 419 2491 τοιοῦτον
440 2422 533 2507 λόγον
554 2433 618 2500 τοῖς
640 2421 850 2510 οτρατιιόταις
876 2426 1043 2511 διέσπειρε,
1066 2429 1120 2490 καί
1139 2425 1224 2510 ταχό

120 2522 197 2600 τοδς
218 2528 352 2604 οἰκείους
374 2522 544 2609 άναλαβών
569 2527 814 2610 (ίμπεπίστεοτσ
835 2525 896 2614 γάρ
918 2522 1006 2608 παρά
1029 2527 1154 2611 τήςτοό
1163 2531 1243 2610 βαι
1273 2567 1275 2574 1
1352 2567 1354 2574 ·

120 2629 237 2704 σιλίως
258 2629 492 2714 καλοκαγαδιας
522 2618 561 2691 οό
588 2625 705 2713 μικράν
734 2653 766 2692 τι
792 2631 888 2716 μέρος
919 2623 1014 2713 λαοῦ)
1054 2629 1160 2716 φυγάς
1182 2632 1227 2719 εἰς

68 2915 72 2928 ’
120 2909 236 2978 leuges,
256 2924 320 2978 quas
338 2909 398 2961 acie
415 2909 546 2962 instructa
564 2916 591 2961 et
609 2908 753 2962 seeundum
773 2909 879 2962 ordines
907 2916 933 2961 et
950 2907 1116 2977 disciplinam
1135 2909 1234 2963 eollo.x

120 2989 199 3035 eatss
219 2989 246 3032 et
262 2980 364 3033 bellico
383 2997 442 3032 eum
462 2980 553 3032 habitu
573 2980 707 3053 pidebaut.
745 2987 825 3049 atque
844 2979 935 3034 hostes
955 2982 1060 3050 quidem
1078 2997 1158 3050 porro
1177 3001 1235 3036 re„

119 3055 213 3126 grem
229 3060 300 3118 suut,
317 3068 367 3105 rex
386 3067 453 3105 vero
474 3053 595 3105 omnibus
615 3068 674 3103 eum
695 3052 781 3119 copiis
804 3067 850 3104 eos
869 3060 975 3106 secutus
1000 3061 1048 3118 est,
1068 3056 1153 3106 donec
1173 3071 1225 3107 ve·

119 3141 188 3196 sper
206 3125 321 3177 adesset.
360 3140 419 3176 enm
436 3132 525 3175 autem
542 3141 592 3176 rex
616 3123 667 3177 sibi
685 3125 824 3191 oppositos
845 3132 871 3175 et
890 3125 1047 3176 resistentes
1065 3140 1119 3177 non
1139 3124 1224 3177 habe.

118 3206 177 3262 ret,
198 3205 284 3249 astra
300 3204 388 3248 autern
405 3196 504 3248 nudata
520 3196 650 3263 militibus
670 3195 859 3262 peditibusque
876 3194 1050 3264 vigilantibus
1072 3211 1224 3264 cognosce.

81 3303 88 3314 ι
119 3277 182 3323 ret:
208 3271 271 3338 quia
290 3284 345 3321 non
363 3268 427 3320 satis
445 3283 536 3320 secura
555 3267 648 3319 habuit
667 3268 821 3334 copiarum,
845 3268 883 3317 ita
905 3274 934 3318 ut
960 3267 1039 3318 etiam
1058 3268 1164 3321 ordines
1185 3268 1223 3319 ibi

119 3341 294 3409 relinqueret
311 3339 463 3408 defatigatis
482 3341 534 3390 iam
553 3347 672 3406 utsupra
691 3339 788 3390 dictum
802 3336 948 3406 plerisque,
968 3340 1059 3390 statuit
1076 3353 1130 3390 non
1148 3339 1223 3391 ulte.

118 3416 182 3466 rius
204 3426 251 3464 eos
268 3413 406 3480 persequi,
423 3426 459 3462 ne
477 3410 578 3463 anoae
595 3411 701 3462 insidiis
727 3409 806 3462 lactis
832 3418 918 3464 castra
936 3426 951 3461 a
970 3410 1225 3477 praesidiis-relicta
1311 3419 1321 3430 ·

119 3484 346 3556 aggrederentur,
364 3483 497 3551 simulque
518 3484 658 3551 cogitans,
676 3490 782 3535 noctem
807 3498 838 3534 se
855 3484 1009 3535 redeuntem
1036 3489 1223 3549 occupaturam

120 3573 205 3621 esse,
232 3556 256 3608 si
285 3553 398 3608 ulterius
420 3556 490 3609 riam
509 3554 666 3606 extenderet
697 3563 724 3607 et
742 3552 839 3607 'loreas
865 3554 962 3621 cinga
979 3569 1150 3621 regressuros
1168 3563 1223 3606 turn

120 3645 202 3694 esse,
231 3629 331 3696 quippe
356 3628 402 3694 qui
422 3626 485 3679 telis
510 3625 580 3677 bene
609 3635 757 3678 uterentur.
804 3625 974 3694 quamobrem
993 3626 1095 3694 regium
1118 3628 1224 3695 signum

118 3709 265 3755 revertens
289 3699 390 3750 reditus
420 3698 574 3750 meminisse
604 3713 696 3750 omues
721 3699 807 3751 iussit.
858 3700 903 3768 qui
937 3713 1003 3751 vero
1027 3697 1140 3751 ulterius
1165 3698 1225 3750 acie

119 3774 234 3827 aberant
258 3768 377 3834 milites,
402 3770 505 3838 regium
529 3771 635 3836 siguum
659 3777 732 3821 retro
761 3785 868 3822 versum
897 3771 1037 3836 videntes,
1065 3771 1092 3821 iu
1122 3769 1225 3822 cladem

117 3860 217 3914 regem
235 3842 363 3893 incidisse
383 3849 524 3908 putarunt:
548 3848 579 3891 ut
597 3848 684 3891 autem
704 3841 828 3909 plerique
856 3857 1010 3908 persuasum
1028 3841 1136 3908 habent,
1155 3843 1225 3896 insi-

119 3916 252 3970 diantium
271 3915 298 3964 ei
313 3913 420 3980 aliquis,
439 3912 579 3966 llichaelis
597 3913 671 3979 regis
683 3914 802 3978 parentis
822 3928 855 3964 ex
876 3913 958 3965 fratre
976 3913 1057 3977 filius,
1077 3921 1155 3966 antea
1173 3914 1226 3966 iam

118 3987 234 4042 molitus
252 3985 317 4036 lauic
334 3985 453 4048 insidias,
473 3986 532 4052 ipse
551 3982 633 4035 talem
652 3983 747 4035 lamam
761 3999 809 4050 per
829 3982 928 4036 milites
948 3983 1108 4051 divulgavit,
1129 3993 1156 4036 et
1176 3999 1225 4036 ce-

119 4059 221 4112 leriter
237 4057 293 4110 suis
311 4056 429 4123 receptis
449 4057 565 4124 (credita
585 4056 656 4106 enim
675 4063 733 4107 erat
762 4057 787 4106 ei
806 4055 875 4108 haud
897 4071 980 4122 parva
998 4055 1111 4108 militum
1130 4073 1191 4124 pars
1210 4072 1226 4107 a

117 4131 198 4199 regis
215 4130 369 4198 maiestate]
390 4127 520 4196 fugitivus
538 4129 566 4180 in
586 4127 778 4180 castrarediitz
796 4126 866 4179 hune
880 4135 967 4180 autem
979 4129 1074 4181 imitati
1094 4130 1139 4197 qai
1158 4143 1225 4195 pro-

120 4203 186 4271 pius
203 4202 338 4255 adstarent
355 4199 462 4254 ordines
488 4199 521 4252 ad
538 4215 619 4252 unum
644 4213 736 4253 omues
755 4199 843 4268 lugam
868 4201 927 4253 sine
947 4215 1044 4272 pagna.
1055 4201 1224 4269 accipiebant

205 4297 288 4352 κτα.
308 4296 390 4350 λιιι.
410 4297 477 4372 saa
998 4298 1028 4349 τι
