2967 4825
261 256 333 327 111
499 338 501 344 .
548 202 1065 369 murmurmurmur

163 389 168 394 Ι
198 413 216 428 ”
260 416 362 483 αύτού
391 416 445 480 καί
471 416 733 535 προεμπλαιιήναι
767 412 843 497 ήμῖυ
874 410 1108 495 παροδεύουσι,
1135 406 1190 470 ταί
1218 402 1278 468 τού
1296 397 1360 469 solt

260 510 446 584 ἑαλωκότων
467 511 625 600 πλήθους,
652 512 697 592 ὥς
723 516 781 578 ούκ
816 505 867 598 ήν
876 514 909 577 ἐν
927 518 991 585 τοῖς
1010 504 1153 591 μοίλιστα
1175 506 1257 591 μηδὲ
1280 502 1362 587 πρὸς
1435 572 1442 585 Ι

260 616 337 693 τούς
356 616 469 681 ἑκατὸν
490 616 658 696 αἰιοσύζον
678 607 833 697 ανδραςτ
860 614 904 689 ιδς
926 606 1006 677 cubos
1023 601 1152 693 δήλον“
1136 632 1186 671 οτι
1201 603 1236 670 τύ
1260 599 1362 689 στρύ-

260 742 360 799 τεομα
382 718 505 794 τούτοις
525 716 644 800 σχεδόν
666 712 908 841 ύνεηαισθήτως
938 710 1203 836 η’κρωτηράιρται,
1228 708 1298 771 ἐπεί
1317 706 1362 822 uqi

210 879 214 880 ⁷
260 816 467 907 ἕθγειτούτιρ
488 812 623 882 ου’δὲν“
604 844 623 900 η
639 814 777 901 τοιαύτη
795 807 884 899 ἧττα,
907 817 961 877 καί
984 807 1184 931 οσαιταύτη
1191 800 1363 894 παραπλή-
1371 830 1389 885 5

259 942 339 1003 utos,
362 920 522 983 δουλῶσαι
544 914 749 1003 δεδύνηνται·
794 919 909 987 θᾶττον
927 913 1000 1033 γύιρ1
1011 908 1144 986 ἑαυτούς
1165 902 1361 976 οἷναιιαλοδτ-

259 1044 313 1085 ται
329 1017 362 1083 οῖ
381 1015 649 1104 στρατευόμενοι,
679 1021 734 1083 καί
757 1010 852 1081 πόλιν
884 1018 930 1093 εις
956 1014 1063 1099 μάχην
1081 1013 1363 1077 οἷποκαθίσταιται.

260 1118 316 1183 καί
335 1116 387 1184 διὰ
409 1120 503 1184 τοῦτο
525 1116 619 1194 εἴτις
639 1118 869 1204 καταλειφθείη
890 1109 989 1200 μοῖρα
1007 1116 1192 1197 Ῥωμαίων,
1223 1112 1364 1193 α’γεννεῖς

260 1216 426 1306 ἐμφάσεις
446 1219 502 1284 καί
521 1223 684 1296 διαθέσεις
714 1221 830 1285 αύτίκα
859 1220 1094 1301 προσλήψεται,
1116 1216 1174 1297 τής
1190 1214 1248 1279 τού
1271 1217 1364 1295 βασι.

262 1324 341 1395 λείις
363 1324 419 1385 καί
435 1325 502 1385 -ταῖν
523 1326 641 1390 λοιπῶν
658 1322 861 1404 στρατιωτῶν
883 1320 1101 1403 ἀπορραγεῖσα
1120 1317 1270 1397 συνόδου,
1292 1313 1411 1394 sifi-10

259 1445 327 1503 χαις
350 1424 378 1487 δ’
400 1417 683 1505 ἇναθαρρήσουσιν
716 1419 745 1485 οἱ
777 1425 930 1503 πολέμιοι.
974 1420 1028 1483 καί
1057 1412 1181 1505 ὅσῳπερ
1212 1414 1235 1499 ή
1257 1414 1363 1481 δειλία

260 1526 323 1588 τῶν
340 1520 506 1606 Ῥωμαίων
527 1528 701 1603 καθίκοιτο,
723 1526 873 1587 τοσούτου
893 1526 1022 1597 ἐκείνοις
1045 1515 1186 1602 ήτύλμοι
1200 1539 1363 1600 προαπαν·

261 1621 371 1707 τήσει·
427 1626 482 1689 καί
508 1626 627 1713 ῥηιδίως
648 1630 712 1690 τῶν
732 1624 896 1708 ἡμετέρων
927 1620 1199 1705 περιγενήοονται,
1220 1618 1290 1699 ἐπεί
1310 1616 1367 1681 καί

260 1727 572 1812 προεκπεροβημένοι
595 1725 805 1808 τυγχάνωσιν
820 1726 849 1788 οἱ
867 1720 1028 1807 Ῥωμαῖοι,
1051 1722 1106 1785 καί
1124 1717 1223 1806 μόνον
1244 1715 1365 1792 αύτούς

261 1824 341 1909 ύροῖν
371 1824 446 1899 τούς
473 1830 642 1907 πολεμίους
676 1832 763 1889 ποιεῖ
789 1820 846 1890 ὅτε
872 1823 928 1909 τήν
958 1826 1016 1889 τού
1044 1825 1231 1907 κρατοῦντος
1263 1815 1363 1900 δριὸσι
1375 1841 1412 1893 15

209 1940 211 1948 ’
260 1926 328 2005 μετ’
352 1924 459 1988 αύτῶκ
478 1923 690 2011 γενναιότητα.
733 1931 787 1991 καί
807 1924 892 2011 εἴπερ
915 1928 1053 2001 ἐκείνους
1071 1922 1253 2007 τρέψονται,
1272 1915 1364 2007 ἄφυ-

262 2047 332 2101 κτος
355 2022 440 2108 ήμιῖς
462 2026 682 2109 καταλήψεται
701 2030 867 2103 κίνδυνος·
912 2027 950 2090 ου’
972 2024 1032 2111 γὰρ
1057 2028 1096 2090 ού
1115 2020 1310 2109 μελήσουσιν
1333 2018 1364 2087 ολ

107 2198 110 2212 Ι
165 2155 167 2160 ’
264 2127 402 2209 Τοῦριιοι
423 2122 468 2211 μή
490 2125 566 2207 ούχί
581 2130 802 2213 καταδραμεῖν
824 2132 878 2193 καί
900 2118 990 2212 ήμῶν
1010 2131 1065 2193 καί
1083 2131 1178 2211 νίκην·
1193 2122 1364 2209 διαβόητον

242 2228 525 2313 ηαίιεργύσασθαι,
554 2230 821 2311 διακεκομμένους
852 2226 1017 2314 εὑρηκότες
1045 2228 1099 2295 καί
1120 2228 1388 2311 &consequentes-1·-

262 2350 335 2402 νους
352 2330 392 2416 τῇ
423 2326 505 2413 ιιρύς
539 2329 579 2393 τὰ
608 2332 708 2395 οἰκεῖοι
729 2333 863 2420 σπουδή.
912 2330 989 2395 “καί
1014 2325 1082 2414 ἅμα
1112 2330 1159 2406 τίς
1182 2328 1202 2411 ή
1226 2326 1414 2411 οἷνύγκη”ρρ

262 2423 423 2517 ἴφη1,“οο’
440 2430 586 2514 βασιλεῦ,
605 2429 657 2496 1ἔτι
678 2435 737 2498 τού
758 2428 847 2508 ἔτους
874 2432 948 2515 περί
970 2431 1075 2513 α’κμύς
1095 2436 1152 2497 τού
1173 2435 1291 2514 θέρους
1310 2422 1365 2522 ’όν-

263 2553 317 2610 τος
352 2541 538 2598 καταλιπεῖν
564 2533 644 2610 ’τούς
671 2536 834 2610 ἐναντίους
856 2537 902 2612 είς
923 2532 981 2618 τήν
999 2533 1184 2616 Ῥωμαίων,
1206 2533 1263 2597 καί
1283 2530 1366 2617 πρὸς

263 2634 386 2711 ἀνέσεις
400 2689 402 2693 ,
418 2637 474 2700 κατ’
498 2624 693 2712 ἀπολαύσας
711 2631 844 2712 &cussis
864 2637 1030 2717 ἐκδοῦναι,
1048 2635 1107 2752 ιιαί
1124 2636 1169 2720 μή
1191 2637 1250 2701 νύν
1272 2655 1369 2699 κακο-

233 2852 238 2856 -
333 2811 360 2866 8.
378 2811 456 2867 τιΟ.
481 2773 484 2776 ⁴
548 2811 589 2863 11.
610 2809 741 2866 δὀ110.
762 2827 814 2882 quo
832 2828 886 2866 non
907 2828 983 2883 opus,
1003 2814 1027 2868 si
1044 2826 1123 2884 siqua
1141 2815 1369 2886 ιειιτιιλυιφθεῖσα

333 2884 466 2950 posueris.
567 2883 608 2935 17.
628 2898 662 2936 an
685 2879 745 2957 γύρ
767 2884 980 2957 αμελήσουσιν1

261 3029 378 3094 secutio,
398 3030 424 3085 id
456 3030 578 3082 timorem
602 3031 636 3083 iis
662 3033 788 3084 correxit.
832 3041 912 3100 atque
931 3031 983 3084 hoc
1001 3033 1119 3100 perspici
1146 3038 1236 3100 potest
1265 3047 1367 3098 exeo,

263 3102 336 3170 quod
354 3117 408 3154 non
426 3101 549 3154 relictum
570 3111 611 3155 est
632 3103 772 3183 qumquam
791 3104 905 3170 praedae
930 3104 977 3168 ibi,
998 3113 1024 3156 et
1049 3106 1119 3172 quod
1146 3104 1315 3172 implicarunt
1336 3121 1368 3158 se

264 3175 342 3225 nobis
362 3174 611 3240 praetereuntibus·
632 3182 659 3225 et
678 3192 711 3226 ex
730 3184 867 3252 captorum
886 3175 1054 3228 multitudine
1088 3192 1135 3228 eos
1163 3191 1217 3228 non
1244 3177 1371 3245 potuisse

263 3247 376 3298 maxime
394 3262 430 3298 ne
448 3247 520 3298 circa
539 3255 643 3299 centum
664 3248 769 3314 quidem
789 3262 897 3298 servare
922 3249 1005 3312 viros,
1025 3249 1062 3298 ita
1079 3255 1109 3298 ut
1127 3249 1244 3332 perspici
1263 3255 1370 3314 posset,
1463 3237 1469 3252 ⁸

202 3318 204 3320 ’
263 3319 410 3370 exereitum
430 3320 470 3371 bis
490 3319 548 3370 iere
567 3320 625 3371 sine
647 3334 726 3371 seusu
746 3317 848 3370 laesum
867 3334 936 3384 csse,
957 3335 1016 3370 cum
1035 3318 1098 3371 huic
1125 3321 1200 3388 genti
1225 3318 1293 3372 nibil
1321 3327 1370 3370 ta.

261 3390 298 3445 lis
326 3390 416 3444 clades
436 3398 463 3442 et
482 3398 613 3458 quotquot
631 3389 694 3442 huic
710 3389 813 3441 similes
836 3398 896 3442 suut
916 3391 1058 3443 subiicere
1073 3393 1218 3458 potuisset:
1247 3390 1371 3443 celerius

264 3463 335 3515 enirn
353 3479 383 3515 se
401 3469 531 3513 revocant
549 3461 649 3513 milites
669 3470 696 3513 et
715 3476 806 3513 rursus
828 3462 860 3512 ad
882 3477 997 3530 pugnam
1017 3463 1222 3520 constituuntur.
1244 3471 1269 3514 et
1280 3476 1370 3528 prop

262 3541 339 3584 terea
357 3535 381 3586 si
399 3531 598 3599 relinqueretur
617 3548 678 3615 pars
698 3533 859 3584 Graecorum
879 3533 1014 3600 ignobiles
1032 3535 1243 3602 significationes
1262 3541 1289 3584 et
1306 3533 1370 3585 ‹lis-

260 3605 413 3670 positiones
433 3605 520 3655 statim
539 3605 662 3670 accipiet,
683 3605 789 3672 arogis
806 3611 833 3654 et
857 3604 1021 3674 reliquorum
1044 3605 1157 3658 militum
1176 3605 1371 3658 coniunctione

263 3675 369 3739 auulsa,
390 3673 469 3727 valde
488 3676 603 3726 animum
621 3675 756 3742 recipient
774 3675 881 3728 hostes.
902 3685 928 3728 et
936 3693 999 3745 quo
1018 3679 1102 3745 magis
1120 3678 1230 3746 ignauia
1249 3677 1370 3730 Graecos

266 3754 464 3814 assequeretur,
486 3762 517 3798 eo
535 3748 621 3815 magis
640 3746 696 3799 illis
714 3747 811 3814 fidncia
832 3747 960 3800 obveniet
979 3758 1005 3801 et
1026 3749 1106 3802 facile
1125 3758 1231 3802 nostros
1250 3763 1370 3815 sapona-

263 3816 346 3883 bunt‚
366 3835 426 3870 cnm
446 3819 526 3870 etiam
543 3828 623 3871 antea
641 3820 736 3876 timore
755 3820 873 3887 perculsi
895 3820 948 3870 siut
968 3821 1063 3874 Graeci
1083 3829 1109 3874 et
1125 3822 1150 3873 si
1168 3821 1305 3874 tantumno
1315 3835 1369 3874 eos

183 3899 188 3906 '
264 3890 388 3942 uidentes
407 3891 472 3942 lucit
492 3891 592 3955 hostes,
612 3907 670 3943 curu
690 3893 858 3959 imperatoris
878 3907 936 3943 cnm
963 3894 1029 3959 ipsis
1054 3892 1221 3944 nobilitatem
1246 3892 1368 3945 videant

261 3969 346 4029 totquc
363 3964 387 4015 si
404 3962 495 4015 illos
487 3979 515 4014 11
535 3963 623 4031 lugam
642 3972 759 4028 vertent,
778 3963 938 4016 inevitabile
956 3980 1005 4016 nos
1031 3964 1173 4031 occupabit
1198 3963 1370 4032 periculum.

264 4047 354 4101 noque
374 4035 444 4086 enini
461 4051 515 4086 non
536 4035 665 4088 curabunt
682 4035 792 4100 Tuscae,
814 4037 878 4103 quin
897 4036 1023 4101 impetum
1049 4037 1148 4090 faciant
1167 4038 1253 4088 ctiam
1271 4043 1371 4087 contra

264 4119 316 4159 nos
336 4115 363 4157 st
380 4105 520 4159 uictoriam
539 4107 636 4158 claram
656 4115 804 4173 reportent,
825 4114 965 4174 postquam
983 4123 1032 4162 nos
1059 4108 1174 4162 ailliotos
1202 4109 1372 4162 inuenerunt

258 4186 295 4236 ot
306 4177 439 4238 abienus
456 4179 552 4263 studio·
562 4180 766 4236 domesticarum
786 4194 883 4234 rerum.
920 4187 1001 4250 atque
1020 4180 1189 4252 simul,quoe
1206 4189 1249 4236 est
1263 4194 1370 4234 noces-
