2967 4825
264 238 364 317 σω.
559 177 776 307 prensens
807 198 1065 301 amnionis

181 387 183 392 Ι
263 407 321 477 τόν
341 401 505 490 Περσικόν
535 402 669 468 πλοῦτον
698 399 846 465 ἐντεῦθεν
879 360 1068 479 συναγαγιόῦ
1102 392 1177 459 οῦδὲ
1197 394 1296 478 μέχρι
1317 394 1374 457 καί
1464 468 1465 473 ¹

266 505 506 591 ε’κπωματυςχ
482 505 608 589 χρυσοῦ
634 494 655 585 ἢ
678 500 823 585 α’ργοροῦ
845 498 890 573 εἷς
920 494 977 562 τόν
998 494 1080 563 ίδιον
1101 497 1171 578 βίον
1193 492 1371 578 εἰσήγαγεν,

204 670 210 685 ,
267 605 348 675 ἄλλό
371 607 477 673 πάντα
498 607 536 693 τῇ
559 605 676 668 πόλει
679 600 734 666 καί
755 601 799 690 τῷ
819 600 922 689 φισκρι
954 598 1153 683 προσήνεγκε,
1175 598 1216 659 δι’
1240 591 1372 677 όμαξιῦν

130 778 136 797 ,
266 713 432 793 δισχιλίων
454 704 493 772 τό
516 704 648 791 λάφυρα
669 699 771 769 πάντα
793 709 859 777 τοῖς
892 698 1034 775 πολίταις
1047 700 1294 775 καθυποδείξας
1316 699 1374 761 καί

214 810 217 813 ’
265 811 320 878 tad
340 812 396 893 τῆς
418 811 536 893 αἠορῦς
555 810 784 892 προεκκομισας
802 806 847 879 εἰς
865 802 901 867 τό
926 802 1097 887 δημόσιον,
1118 798 1175 866 καί
1193 803 1284 865 τοῦτο
1307 794 1395 880 μό-5
1465 836 1466 843 1

152 898 156 908 ¹
264 935 320 979 νον
343 908 501 995 κερδήσας
521 911 583 977 νῦν
602 904 751 972 τοιούτων
779 901 1005 991 τροπαίων,τό
1029 902 1111 986 μετὰ
1136 904 1255 988 δίφρου
1276 906 1372 984 βασι·

265 1013 357 1078 λικοῦ
377 1008 458 1075 κατὰ
479 1008 514 1074 τό
539 1010 720 1089 εἰθισμένον
742 1010 896 1091 λαμπραῖς
917 1006 1150 1090 θριαμβεῦσαι,
1172 1024 1373 1122 προπορευο-
1466 1008 1467 1065 l

265 1115 370 1194 μόνων
390 1110 495 1175 αῦτοῦ
505 1112 580 1177 τιῦν
604 1106 765 1174 τοσοῦτων
780 1107 946 1194 λαφόρων,
970 1129 1023 1169 και
1046 1106 1209 1193 προσεχοῦς
1229 1102 1287 1167 τοῦ
1309 1095 1373 1187 ἑόρ-

263 1235 362 1291 ματος
381 1214 445 1277 τιῦν
467 1234 502 1275 τε
526 1204 668 1276 ῦλλων’
652 1209 801 1291 εκκρίτων
823 1205 1026 1273 Μακεδόνων
1048 1208 1101 1269 καί
1120 1207 1178 1269 τοῦ
1201 1205 1371 1285 αἰχμαλω-

264 1315 424 1388 τισθέντας
444 1314 601 1394 βασιλέως
625 1309 725 1375 αῦτοῦ
747 1306 785 1393 δὴ
808 1310 867 1373 τοῦ
890 1308 1045 1391 Περσέως
1076 1304 1157 1387 μετὰ
1180 1306 1295 1369 τέκνων
1316 1304 1374 1370 καί
1381 1317 1409 1370 10
1467 1354 1468 1377 2

263 1415 423 1500 γυναικός.
445 1416 486 1477 ον’
499 1412 561 1497 peip
578 1411 658 1497 πρός
671 1406 820 1494 όργῦριυν
837 1408 890 1474 κατ’
904 1404 1042 1473 πλοῦτον
1064 1408 1223 1493 ἐπίκτησιν
1235 1403 1265 1471 οἱ
1278 1406 1373 1491 edys-

266 1512 579 1597 νίστατοιῬωμαῖοι
601 1510 636 1577 τὸ
659 1516 728 1575 κατ’
752 1512 849 1575 ε’κεῖνο
868 1509 981 1593 καιροῦ
1001 1510 1201 1593 ἠγωνίζοντο,
1223 1504 1306 1571 ἄλλό
1330 1508 1371 1570 δι’
1429 1523 1432 1532 ’

263 1608 405 1681 εῦκλειαν
427 1615 526 1699 μόνην
549 1615 604 1678 καί
626 1611 775 1696 όνδρείας
796 1614 945 1687 ἐπίδειξιν
964 1612 1021 1675 καί
1039 1614 1095 1694 τῆς
1114 1609 1198 1682 ι’δίας
1217 1607 1370 1696 πατρίδος
1468 1670 1469 1685 ,

263 1720 423 1802 σωτηρίαν
445 1738 478 1782 τε
498 1718 554 1780 καί
574 1712 794 1799 λαμπρότητα.
869 1768 873 1775 i

367 1814 535 1893 Τοιοῦτους
557 1813 693 1888 κλάδους
716 1813 733 1899 ἦ
754 1817 817 1878 τῶν
833 1815 965 1896 Φαβίων
979 1812 1055 1899 ῥίζα
1076 1818 1264 1897 περιφανεῖς
1287 1813 1370 1877 α’να-
1380 1820 1409 1873 15

125 1920 446 1997 lma-desmate,
478 1914 607 2003 χρόνοις
636 1910 771 2000 ῦστερον
801 1915 859 1977 οῦκ
883 1908 996 1997 ῦλίγοις
1023 1915 1078 1978 καί
1111 1909 1185 1987 τοῦς
1210 1910 1369 1991 deusde<

263 2020 340 2105 ἡμίν
362 2021 567 2103 ἐπιδέδωκεν,
598 2011 703 2099 ῦσπερ
731 2019 1036 2102 μεταφντευθὲντας
1059 2018 1093 2096 ἐξ
1112 2010 1224 2099 ἑτέρας
1244 2020 1303 2099 γῆς
1324 2016 1370 2089 εἰς

261 2118 373 2205 ἑτέραν
394 2122 538 2187 ε’πίτοκον
560 2110 714 2202 όιρουραν.
759 2116 779 2201 ἦ
800 2114 861 2202 γὰρ
885 2113 939 2179 διό
962 2116 1088 2181 πόντων
1103 2110 1239 2199 α’κρότης
1258 2114 1315 2179 καί
1332 2115 1368 2181 τῦ

262 2224 327 2287 τιῦν
345 2218 489 2307 πράξεων
509 2220 657 2306 συμφυὲς
679 2221 734 2284 καί
749 2216 900 2302 όμόζηλον
920 2215 975 2283 καί
995 2213 1015 2301 ἦ
1037 2220 1099 2283 ταῖν
1121 2214 1287 2299 ι’νομότων
1303 2244 1367 2282 πα.

262 2323 395 2409 ρίσωσις
410 2323 657 2408 α’παρόγραπτον
670 2321 779 2397 αῦτοῖς
794 2321 973 2407 μαρτυρίαν
984 2320 1042 2385 τοῦ
1054 2320 1162 2403 γένους
1183 2321 1239 2384 καί
1259 2319 1407 2403 draps-20
1470 2310 1471 2315 ἵ

262 2426 395 2512 pidelan
415 2425 583 2491 δείκνυσιν.

325 2528 425 2592 litte
441 2551 494 2591 και
517 2524 673 2612 Ἱβηρικην
693 2526 860 2612 συμφυΐαν
873 2527 907 2605 ἐξ
928 2519 997 2598 ἑνός
1017 2525 1212 2610 μόρουςτοῖς
1230 2520 1366 2590 Φωκόσι

261 2634 480 2749 παρομαρτειν
502 2630 637 2711 λέγεται,
660 2626 716 2692 καί
737 2628 830 2691 τοῦτο
853 2629 973 2709 μαλλον
993 2622 1177 2723 πιστότερον
1197 2621 1252 2690 τόν
1273 2622 1366 2708 λόγον

260 2727 351 2813 ἤμων
371 2730 564 2810 διατίθησιν.
616 2750 646 2792 οι
663 2725 725 2811 γόρ
739 2720 911 2814 1βηρες’
896 2751 930 2792 εκ
951 2753 1006 2812 της
1028 2709 1227 2812 Κολτικῆς’
1206 2722 1365 2811 ανεφόνη-

262 2983 385 3035 insuam
402 2981 485 3033 vitam
511 2981 629 3034 induxit:
656 2981 703 3033 sed
729 2982 816 3034 omnia
838 2983 897 3035 urbi
923 2991 950 3035 et
977 2983 1048 3046 fisco,
1072 2983 1162 3035 attulit
1181 2981 1303 3036 curribus
1321 2983 1365 3036 his

150 3093 154 3096 -
262 3052 339 3106 mille
365 3053 489 3120 praedam
513 3068 615 3104 omnem
642 3053 746 3107 civibus
778 3055 920 3107 ostendens
949 3063 975 3106 et
999 3071 1048 3122 per
1074 3056 1160 3107 lorum
1184 3056 1212 3105 in
1231 3055 1365 3107 aerarium

263 3125 418 3194 portandam
439 3140 550 3177 curans:
577 3133 657 3192 atque
682 3124 734 3176 hoc
764 3125 850 3177 solum
875 3125 992 3178 lucratus
1020 3141 1054 3176 ex
1072 3126 1169 3177 talibus
1189 3127 1316 3192 tropaeis,
1336 3135 1366 3177 nt

263 3213 322 3248 cum
343 3212 421 3248 curru
440 3198 518 3264 regio
545 3212 578 3246 ex
601 3211 675 3247 more
701 3196 840 3263 splendide
867 3197 1028 3265 triumphum
1047 3206 1155 3266 ageret,
1175 3195 1365 3251 anteeuntibus

263 3284 323 3320 eum
342 3270 422 3320 tantis
441 3268 548 3351 praedis
568 3275 600 3318 et
627 3269 702 3318 iuxta
721 3283 825 3319 currum
851 3276 904 3319 tum
928 3268 988 3321 aliis
1005 3269 1083 3321 lectis
1103 3269 1290 3322 Macedonibus
1310 3277 1366 3320 tum

262 3347 340 3407 capto
356 3327 423 3407 rege
444 3341 503 3406 ipso
522 3339 621 3391 Perseo
641 3355 700 3391 cum
717 3339 811 3392 liberis
832 3348 858 3391 et
882 3353 980 3391 uxore:
998 3355 1086 3408 neque
1105 3341 1174 3391 enirn
1193 3341 1226 3391 de
1250 3349 1364 3408 argento

157 3405 165 3418 '
263 3420 289 3463 et
308 3411 461 3462 divitiarum
479 3412 652 3489 possessione
676 3410 838 3463 nobilissimi
863 3411 973 3464 llomani
992 3411 1041 3462 illo
1066 3421 1187 3478 tempore
1211 3411 1365 3475 certabant,

261 3478 326 3536 sed
338 3490 448 3549 propter
475 3478 588 3550 gloriam
614 3481 698 3534 solam
718 3491 745 3533 et
769 3483 875 3535 virtutis
895 3482 1101 3535 declarationem
1121 3491 1148 3534 et
1171 3499 1236 3536 suae
1259 3484 1365 3550 patriae

263 3553 424 3607 salutemet
446 3552 624 3621 splendorem.

359 3639 436 3692 Tales
455 3641 618 3709 propagines
647 3649 786 3707 postquam
805 3640 945 3693 Fabiorum
964 3642 1039 3693 radix
1064 3641 1165 3694 lucidas
1186 3640 1282 3708 edidit,
1309 3659 1364 3696 non

260 3711 351 3779 parvis
369 3711 533 3777 temporibus
551 3718 646 3777 postea
665 3713 743 3764 etiam
755 3712 891 3765 Phocades
903 3713 982 3765 nobis
1001 3714 1109 3778 addidit,
1127 3720 1252 3782 tanquam
1272 3723 1364 3768 trans-

259 3780 329 3832 latas
347 3780 451 3849 plantas
472 3781 576 3834 exalia
594 3785 710 3834 terrain
730 3781 811 3835 alium
831 3785 946 3836 feracem
966 3800 1078 3854 agrum..
1108 3787 1206 3837 etenim
1227 3785 1364 3870 fastigium

260 3852 289 3903 in
308 3852 429 3905 omnibns
443 3861 470 3904 et
480 3852 610 3904 laetorum
623 3856 776 3907 coniunctio
794 3863 819 3907 et
832 3871 969 3908 commune
986 3857 1119 3921 studium,
1128 3864 1209 3926 atque
1226 3860 1364 3911 nominum

261 3925 423 3991 comparatio
443 3924 607 3977 inlinitum
599 3927 633 3979 ris
652 3927 833 3982 testimonium
859 3929 966 3996 generis
992 3936 1019 3979 et
1038 3936 1139 3981 eertum
1158 3927 1285 3982 declarat

359 4011 469 4067 Etiamsi
488 4020 577 4065 autem
596 4015 699 4067 lberiea
725 4017 879 4068 coniunctio
897 4032 932 4067 ex
950 4031 1003 4067 nna
1021 4024 1097 4082 parte
1118 4015 1255 4070 Phoeades
1275 4019 1363 4071 comi.

260 4083 312 4136 tari
331 4083 437 4150 dicitnr,
456 4086 508 4138 lnoe
528 4099 635 4155 quoqne
653 4089 740 4160 magis
759 4089 899 4140 certiorem
929 4103 1078 4142 sermonem
1096 4096 1215 4140 nostrum
1234 4090 1362 4158 disponit.

260 4155 352 4212 iberes
372 4158 441 4210 enim
471 4175 486 4214 e
511 4165 583 4211 terra
601 4158 705 4213 Celtica
723 4166 917 4228 apparuerunt:
946 4159 1034 4213 lberia
1053 4162 1141 4226 enim,
1164 4175 1233 4230 quae
1252 4161 1363 4229 pioprie
