2967 4825
463 215 511 377 ἰ
553 261 761 333 aurona.
1135 259 1203 336 sos

101 425 223 511 σκηνὴν
245 424 485 510 ύποτευχθῆναι
506 426 563 489 καί
582 427 759 508 θεραπείαν
784 422 997 509 ἁρμόζουσαν,
1020 426 1207 493 σύνδειπνον

103 524 210 592 αύτόν
240 526 353 593 αύτίκα
374 528 430 590 καί
457 524 641 607 ὁμοδίαιτον
673 528 905 611 α’πειρχάσοτο,
931 529 976 612 μὴ
1000 528 1087 615 παρά
1110 530 1207 611 μέρος

102 631 241 703 καθίσας
262 626 371 708 αύτόν,
392 625 473 691 ettad
494 627 668 712 σύνθρονον
685 630 719 693 ἐν
736 626 885 713 εύθύτητι
902 634 959 714 τῆς
980 632 1124 716 ἐκκρίτου
1146 628 1207 693 τά-

102 732 182 807 ξεως
202 729 258 792 καί
276 724 430 807 ὁμόδοξον
456 727 538 792 κατά
566 729 624 812 τὴν
655 728 750 813 τιμήν
779 728 1000 814 ποιησάμενος.
1052 723 1134 793 odra
1157 732 1206 805 δίς

74 832 157 913 στῆς
180 830 302 915 ἡμέρας
321 830 551 911 συνερχόμενος
570 826 669 919 τούτῳ
692 836 748 895 καί
768 835 943 912 συλλαλαῖν,
967 832 1021 896 καί
1042 832 1121 917 πρός
1140 858 1205 896 πα-

102 924 256 1014 ράκλησιν
279 926 499 1010 α’νακτοόμενος
520 927 573 995 διά
595 935 721 996 πολλῶν
742 931 933 1021 ἐπᾳσμάτων
957 932 1136 1016 ἀναγόντων
1158 936 1205 1009 εἰς
1243 992 1248 996 .

88 1027 158 1113 *τόν
180 1027 333 1113 βιαστικήν
358 1033 574 1117 περιπέτειαν,
595 1036 710 1113 μέχρις
732 1032 869 1115 λ’ἦμερῶν
892 1031 973 1096 ύκτεό
1002 1037 1064 1097 τῶν
1085 1032 1204 1115 όμοίων
1297 1044 1301 1049 ’

102 1129 191 1217 αύτῷ
211 1126 366 1194 όκοιναόνει
390 1133 444 1193 καί
465 1129 567 1211 λόγων
590 1134 645 1194 κοί
668 1130 763 1216 ύλιόν,
785 1134 867 1215 μηδὲ
887 1134 985 1214 μέχρι
1006 1134 1204 1216 κατ’-βραχυ-

99 1228 199 1296 τάτου
222 1229 318 1313 λόχου
340 1228 420 1314 πρός
448 1235 558 1295 τοῦτον
581 1230 871 1322 ἐμπεπαρφνηκσός,
893 1227 915 1317 ἢ
935 1226 1007 1299 όσον
1029 1234 1204 1299 δοκούντων

55 1334 199 1403 1οτινοόν
233 1330 432 1415 σφαλμάτων
469 1335 502 1396 ἐν
536 1336 576 1422 τῇ
610 1332 713 1399 ἐλάσει
742 1339 799 1418 τῆς
827 1338 982 1419 στρατιᾶς
1011 1334 1204 1420 ὑπομνήσας,

99 1432 197 1498 dudm
219 1433 274 1497 καί
294 1428 314 1516 ἦ
335 1436 393 1497 τού
410 1438 489 1498 θεοῦ
516 1442 616 1520 κρίσις
636 1433 719 1517 μετά
741 1438 805 1501 ταῖν
827 1428 931 1501 ἄλλων
963 1437 1130 1500 κάνταῦθα
1152 1438 1205 1499 δι-

99 1533 254 1625 καίακαί
283 1534 424 1619 οἷρρεπὴς
453 1540 622 1621 κατεφάνη.
674 1538 713 1601 ού
746 1536 807 1621 γάρ
834 1536 863 1603 οἱ
892 1531 982 1603 ἄλλοι
1004 1536 1100 1619 μόύον
1121 1537 1202 1603 άλλά

99 1636 156 1701 καί
176 1632 276 1711 αύτός
297 1635 319 1724 ὁ,
339 1637 475 1711 άλωθείς
497 1638 649 1720 βασιλεύς
673 1631 761 1717 όξιον
791 1634 873 1704 εἶναι
897 1646 985 1705 νικᾶν
1008 1639 1106 1705 αύτόν
1126 1640 1204 1725 άπε-

63 1822 66 1825 ,
99 1734 234 1823 φύνατο,
258 1738 289 1802 εἰ
309 1736 403 1819 νόμον
420 1737 463 1823 με)
488 1738 571 1822 ἔχων
594 1740 721 1822 άχαποῖν
750 1741 825 1818 τούς
845 1740 986 1826 ἐχθρούς
1006 1741 1206 1824 ἀνεπαισθή-

53 1851 88 1905 15
98 1863 163 1916 τους
185 1846 274 1903 ποιεῖ
290 1838 344 1905 τόν
365 1845 453 1904 θεῖον
475 1839 571 1923 νόμον
585 1844 619 1906 ἐκ
641 1846 780 1928 φυσικῆς
801 1847 855 1907 καί
870 1836 995 1925 άχαθῆς
1011 1845 1203 1917 διαθέσεως·

98 1940 141 2003 ού
162 1937 224 2024 γάρ
247 1948 313 2015 τοῖς
348 1937 545 2024 ύπερόπταις
574 1943 590 2008 ό
614 1948 814 2029 παντὲφορος
836 1940 1003 2029 ὀφθαλμός
1033 1942 1111 2005 άλλά
1139 1952 1204 2018 τοῖς

99 2050 259 2117 ταπεινοῖς
279 2046 334 2108 καί
355 2048 540 2123 σνμπαθέσι
560 2042 594 2110 τό
618 2043 734 2129 κράτος
756 2053 947 2128 χειροτονεῖ,
979 2047 1050 2107 ἐπεί
1069 2042 1114 2128 μὴ
1136 2042 1204 2108 ἔστι

98 2148 365 2228 προσωποληψία,
386 2137 465 2210 κατά
488 2146 541 2208 τόν
563 2150 651 2209 θεῖον
665 2150 802 2210 Παύλου
819 2148 928 2226 εἰπεῖν,
951 2144 1038 2229 παρά
1062 2146 1104 2232 τῷ
1123 2147 1200 2232 θεῷ.

99 2247 155 2309 καί
176 2240 238 2327 γάρ
272 2241 307 2309 ἔν
330 2269 393 2309 τινι
425 2248 568 2335 συλλόχφ
591 2236 928 2331 διερωτήσαντοςτού
949 2246 1126 2311 σουλτάνου
1149 2243 1203 2311 τόν
1297 2256 1300 2265 ’

51 2360 87 2416 20
94 2348 232 2428 βασιλέα
249 2340 304 2411 ιιτί
321 2342 360 2409 dv
371 2343 511 2431 ἔδρασας
522 2351 554 2414 εἰ
571 2343 671 2427 οὕτως
688 2344 779 2431 ἔσχες
799 2347 892 2423 αύτός
908 2349 964 2428 ἐμὲ
987 2346 1205 2430 ύποχει’ριον;”

98 2448 317 2534 οἷνυποκρίτως
340 2449 395 2514 καί
413 2449 609 2527 α’θωπεύτως
636 2453 765 2524 ἐκεῖνος·
779 2447 964 2532 α’πήχχειλεν
981 2443 1051 2512 ι(ὅτι
1073 2454 1203 2523 πολλοῖς

96 2557 169 2624 ταῖς
202 2556 335 2636 πληγαῖς
364 2548 607 2636 κατεδαπάνησά
639 2576 696 2616 σου
728 2548 761 2614 τό
796 2554 890 2632 στόμα
920 2549 1082 2634 χίνωσκε.”
1126 2547 1142 2612 ό
1166 2551 1201 2613 δὲ

90 2647 185 2714 “άλλ’
207 2645 296 2735 ε’χοό”
321 2655 419 2740 φησίν
434 2651 495 2715 “oo'
514 2652 700 2737 μιμήσομαί
719 2675 779 2718 σου
802 2647 837 2715 τό
863 2651 1024 2736 αύστρρὸν
1044 2651 1098 2714 καί
1117 2645 1201 2714 άπό-

96 2976 242 3030 tentorium
269 2983 407 3043 pararetur
435 2983 462 3028 et
483 2975 570 3029 cultus
596 2976 723 3041 idonens,
751 2989 852 3028 coenae
881 2991 941 3026 eum
959 2976 1048 3028 statim
1067 2983 1093 3027 et
1112 2976 1199 3030 victus

96 3050 202 3103 socium
220 3048 343 3113 reddidit,
365 3064 423 3100 cum
443 3063 502 3099 eum
520 3062 574 3100 non
592 3057 699 3116 praeter
717 3048 837 3099 ordinem
857 3048 1042 3112 constitueret,
1062 3048 1109 3100 sod
1128 3050 1200 3101 assi.

96 3123 205 3175 dentem
228 3121 347 3188 ingenue
376 3120 463 3172 electo
482 3120 599 3172 concilio
620 3129 647 3170 et
670 3135 755 3188 aeque
775 3119 878 3171 honore
906 3119 1068 3171 celebratum
1089 3120 1199 3171 laceret.

95 3196 136 3260 ita
153 3193 196 3244 bis
215 3207 263 3260 per
284 3192 352 3243 diem
371 3193 403 3244 ad
423 3192 493 3243 hunc
512 3193 625 3244 veniens
645 3199 671 3243 et
690 3190 864 3242 confabulans
895 3207 953 3241 cum
975 3204 1006 3241 eo
1027 3198 1054 3240 ot
1072 3191 1104 3242 ad
1123 3190 1198 3242 sola.

96 3267 163 3318 tium
188 3266 332 3317 restituens
358 3263 446 3315 multis
466 3264 651 3328 sermonibus,
671 3264 715 3332 qui
734 3263 808 3314 vitae
834 3263 1005 3314 mutationem
1030 3269 1201 3326 revocarent,

95 3355 148 3408 per
166 3345 228 3388 octo
247 3337 304 3388 dies
325 3351 383 3387 cum
409 3350 441 3386 eo
470 3337 560 3389 eadem
588 3334 797 3388 communicabat
822 3335 905 3386 verba
932 3343 957 3385 et
976 3333 1068 3397 salem,
1088 3349 1146 3384 curn
1165 3349 1200 3384 ne

94 3415 125 3465 in
145 3409 254 3461 minimo
274 3407 379 3475 quidem
397 3423 519 3460 sermone
539 3408 609 3460 hunc
630 3407 778 3460 offenderet
803 3423 891 3475 neque
912 3407 1037 3473 quosdam
1055 3409 1082 3458 in
1104 3421 1200 3474 perse-

95 3483 209 3536 cutione
239 3480 373 3531 exercitus
393 3495 497 3533 errores
516 3489 754 3544 commemoraret,
772 3480 884 3548 'quando
905 3481 984 3532 etiam
1012 3480 1054 3531 dei
1073 3479 1200 3530 iudicium

94 3565 127 3608 ut
146 3555 174 3606 in
194 3552 292 3603 ceteris
310 3552 347 3602 ita
367 3551 411 3602 bic
430 3569 537 3621 quoque
555 3554 653 3607 iustum
673 3561 700 3605 et
718 3553 852 3604 immotum
871 3553 1002 3621 apparuit.
1022 3569 1110 3622 noque
1129 3551 1199 3602 enim

95 3626 184 3680 ceteri
202 3622 289 3675 solum
308 3623 354 3676 sed
376 3626 479 3692 etipse
498 3641 546 3677 rex
566 3620 658 3693 captus
683 3625 791 3692 dignum
812 3639 871 3675 eum
892 3641 951 3678 esse
972 3625 1087 3676 victoria
1106 3622 1199 3676 decla.

94 3698 187 3771 ravit,
199 3696 323 3764 quoniam
341 3695 430 3764 legem
458 3713 511 3748 non
532 3697 632 3748 habens
657 3696 786 3766 diligendi
812 3697 903 3750 hostes
923 3697 1021 3750 sensim
1040 3696 1090 3748 sibi
1110 3696 1201 3748 statuit

95 3773 189 3838 legem
207 3768 325 3820 divinam
345 3784 359 3819 e
378 3769 462 3828 bona,
476 3778 587 3820 naturae
605 3784 669 3820 suae
691 3770 882 3837 dispositione:
908 3785 996 3836 neque
1015 3769 1084 3820 onim
1104 3782 1200 3835 super-

95 3844 140 3896 bis
167 3841 255 3892 omnia
278 3841 460 3908 contemplans
489 3842 562 3911 (dei)
594 3839 688 3892 oculus
713 3841 761 3892 sed
779 3841 903 3893 tenuibus
930 3847 956 3891 et
985 3839 1200 3892 misericordibus

96 3914 242 3968 victoriam
262 3912 364 3977 tribuit,
384 3929 442 3963 cnm
460 3928 513 3964 non
534 3915 577 3977 sit,
602 3920 631 3964 ut
648 3913 792 3964 secundum
810 3911 926 3963 Paulum
939 3911 1030 3963 divum
1049 3911 1200 3980 loquamur,

97 4002 187 4039 coram
207 3983 258 4036 deo
275 3985 424 4036 nobilitatis
442 3993 595 4051 respectus:
616 3984 763 4034 cumcuim
784 3999 831 4050 per
850 3983 1013 4050 colloquium
1033 3985 1200 4050 interrogas-

97 4067 142 4112 set
161 4055 284 4110 snltanus
305 4071 407 4124 regem,
428 4058 491 4123 quid
510 4066 548 4120 tu,
567 4056 664 4123 inquit,
685 4055 812 4118 fecisses,
831 4057 853 4106 si
875 4056 910 4105 ita
930 4069 971 4104 me
990 4054 1048 4119 ipse
1068 4054 1200 4105 subditum

97 4130 252 4193 habuisses,
269 4128 318 4180 ille
339 4129 445 4180 sincere
466 4137 493 4179 et
510 4128 569 4179 sine
588 4127 644 4179 ulla
664 4127 844 4182 assentatione
862 4125 1014 4192 respondit:
1036 4127 1139 4193 accipe,
1158 4141 1200 4175 me
1219 4132 1223 4138 ·

98 4211 174 4255 tunm
205 4212 302 4268 corpus
324 4199 424 4253 multis
453 4199 609 4254 verberibus
637 4198 820 4252 coniecturum
848 4197 941 4252 luisse.
985 4204 1038 4250 tum
1066 4197 1123 4250 hic:
1153 4194 1200 4248 scd
