2967 4825
523 268 732 349 nsruru.
975 214 982 233 ⁸
1079 214 1087 221 ”’
1111 228 1202 359 ’τοι

100 434 155 517 τῆς
174 430 212 499 τό
232 436 322 499 totos
341 434 726 522 συναντιλαμβανόμενον,
748 437 785 507 τά
808 464 842 507 τε
865 446 929 511 τάν
950 444 1100 513 ἐναντίων
1122 450 1200 529 τ’μυ,

100 535 162 621 η’θη
182 536 350 621 άπόρρητα
366 537 423 603 κατ’
441 538 704 620 κατορθωμάτων
724 545 781 607 κατ’
803 546 1000 629 ου’χημάτων
1022 549 1198 633 audianos.

200 638 271 703 Τῶν
293 640 340 723 ιδὲ
363 641 605 706 torneatores
633 647 884 730 προτερημάτων
913 654 1076 723 uolutatus
1097 652 1199 716 κατά-

99 746 186 823 λογον
208 737 357 823 περιττόν
379 741 503 816 πάντως
524 746 564 829 τῇ
590 745 736 834 παροάση
759 753 879 837 γραφῇ.
901 748 1022 837 πλήρης
1043 751 1103 835 γὰρ
1125 752 1328 819 106.l.216r‚

75 860 157 914 5των
185 845 274 907 πάσα
304 840 416 927 γραφη
439 867 475 907 τε
499 849 553 910 καὶ
571 846 714 932 ποιήσις,
741 843 827 925 ὅπως
849 846 1110 936 ἔνατοντάχειρας
1131 881 1197 935 μυ-

97 942 209 1029 ριάδας
234 941 382 1029 Ἀράβων
407 943 466 1008 too
496 945 771 1033 άιιαταμαχήτων,
806 947 911 1036 άόσπερ
934 978 983 1029 τις
1016 954 1195 1039 άσμόματος,

97 1046 326 1131 ταταστράψας
347 1044 452 1121 πόλεις
473 1047 661 1131 άμυθητους
677 1050 897 1129 ὑποσπόνδους
912 1054 1071 1139 πεποίηκε,
1092 1052 1147 1139 τη’ν
1161 1082 1195 1126 τε

94 1145 233 1231 μεγάλην
266 1145 462 1230 Ἀντιόχειαν
493 1150 550 1211 καί
572 1150 757 1236 Μελιτηνην
784 1151 907 1236 Ταρσόν
927 1178 960 1219 τε
991 1158 1046 1219 καί
1064 1158 1094 1220 Γ
1093 1180 1196 1241 epten-

94 1246 210 1312 νόιτιαν
240 1272 292 1311 και
314 1272 371 1332 την
401 1251 435 1313 ἐν
456 1258 528 1325 ταῖς
553 1246 680 1375 Mo'sppo
703 1277 835 1337 κρηναις
862 1258 916 1319 και1
938 1256 1040 1340 ου’την
1051 1248 1195 1324 ”Aulucus

60 1351 143 1421 τουσι
163 1347 221 1425 τάς
254 1354 431 1433 περιοίκους
455 1349 578 1435 πάσας,
608 1351 646 1416 αἳ
673 1352 755 1443 λόγῳ
781 1360 982 1451 συντττμημέ
984 1378 1025 1446 sep
1055 1358 1194 1444 ρηθηναι

93 1450 131 1511 ου’
152 1447 313 1515 δύνανται.
341 1454 465 1517 taetras
481 1454 517 1517 tt
537 1475 594 1535 μοι
614 1450 785 1540 ἐρρήθη“
760 1480 803 1533 ως
825 1466 890 1533 τοις
905 1464 1029 1533 πολλοῖς
1052 1484 1195 1544 συγγρα-

95 1553 208 1636 φεῦσιν
230 1550 445 1632 άδιιξόδευτα.

184 1651 273 1719 Ἀλλ’
295 1643 385 1731 οὗτος
410 1660 469 1737 μὲν
502 1656 661 1742 πάρεργον
693 1660 858 1743 γενόμενος
884 1660 1032 1745 γυναικός
1062 1667 1117 1731 και
1136 1668 1193 1729 τοῦ

92 1754 172 1825 ἰδιόυ
196 1759 337 1838 coeptos
354 1758 502 1823 Ιωάννου
522 1762 580 1824 τοῦ
605 1763 833 1846 Τζιμισχῆ,ο
818 1756 926 1830 οἷα
891 1790 929 1829 τοι
945 1769 1004 1829 τοῦ
1025 1768 1103 1829 &sori
1123 1790 1194 1867 spt-

58 1871 182 1942 15μοτα,
204 1857 320 1942 πολλην
342 1865 405 1934 τοῖς
426 1859 653 1945 άνθροόπσις’
630 1886 753 1948 oppres
775 1864 867 1930 α’νιάν
887 1868 943 1929 κατ’
962 1892 998 1953 τη
1017 1856 1192 1946 Ῥωμαίων

27 1990 35 2001 ·
91 1964 272 2049 ἐπικρατείᾳ
293 1957 508 2044 στυγνότητα·
555 1984 585 2026 οι
606 1963 642 2025 δὲ
660 1964 842 2045 τοῦγένους
863 1964 964 2028 αάτοό
985 1964 1191 2049 ἐδιώχθησαν

90 2064 144 2142 μὲν
167 2055 232 2123 άπά
254 2061 319 2125 τῶν
348 2064 517 2142 μετέπειτα
552 2063 710 2145 βασιλέων
740 2061 794 2127 διά
818 2062 854 2127 τά
887 2062 988 2147 βάρος
1016 2066 1070 2149 τῆς
1092 2056 1191 2148 τόχης

22 2190 25 2213 ι
90 2161 140 2226 κατ’
158 2160 193 2227 τό
217 2163 272 2244 τῆς
294 2163 431 2247 άνδρίας
448 2162 591 2245 άνξίωμα
612 2166 832 2247 ποριωνυμων,
856 2164 960 2246 ἔμεινε
982 2169 1016 2231 δὲ
1038 2170 1076 2252 τῇ
1096 2168 1191 2247 μετέ-

90 2286 179 2328 πειτα
205 2268 297 2353 γενεᾷ
311 2257 419 2348 οόσπτρ
435 2288 483 2339 τις
503 2262 644 2350 σπινθὴρ
662 2264 861 2348 ’ὑπαυγάζων
881 2266 915 2331 τό
937 2271 1026 2349 γένος
1045 2267 1109 2331 τῶν
1121 2271 1190 2330 Bo-

56 2368 282 2447 νοτιιντιστοόν,
315 2366 349 2431 ἐν
368 2368 413 2454 τῷ
434 2368 560 2454 στρατῷ
582 2363 772 2447 όιαλάμπων
800 2370 858 2434 τοῦ
878 2366 989 2452 κυριόυ
1013 2364 1188 2434 Βασιλιιόυ

88 2469 141 2530 τοῦ
160 2471 474 2553 πορφυρογεννήτου,
495 2461 528 2543 ὃς
549 2465 802 2550 τεσσαρακοστὸν
820 2467 889 2546 ἔτος
912 2465 1189 2552 τοῖςΒουλγάροις

89 2565 361 2652 άντιτασσόμτνος,
383 2568 438 2635 καί
454 2573 582 2655 μυρίοις
604 2570 710 2645 πόνοις
738 2570 792 2636 καί
816 2564 923 2647 όπλοις
948 2569 1186 2654 ἀντιπαρατατ-

89 2892 117 2929 re
133 2875 235 2928 inlecto
252 2875 413 2929 recessisset
432 2883 478 2929 rut
496 2879 634 2931 coniectus
662 2877 695 2930 ab
714 2876 836 2931 hostibus
855 2887 927 2932 esset
945 2878 1101 2947 etpedibus
1119 2891 1186 2946 pro.

91 2949 217 3002 sulcatus.
255 2965 314 3002 curn
340 2956 427 3000 autem
446 2949 675 3003 heberet·virtute
693 2966 792 3003 numen
815 2951 934 3004 divinum
952 2951 1071 3015 socium,
1092 2959 1119 3004 et
1136 2951 1185 3002 atl-
1237 2966 1241 2974 ¹

90 3023 265 3075 versariorum
279 3018 398 3073 initiatus
419 3029 459 3074 est
471 3024 583 3075 secretis
601 3031 627 3073 et
642 3020 800 3074 felicitatem
818 3021 984 3095 gloriamque
1005 3031 1046 3075 est
1064 3023 1183 3089 adeptus.

182 3119 357 3187 Reliquarum
375 3127 463 3172 autern
491 3121 548 3172 eius
569 3121 741 3172 victoriarum
770 3121 909 3171 instituere
927 3115 1067 3176 recensum
1087 3135 1184 3186 super.

89 3206 234 3243 vacaneum
253 3199 294 3243 est
312 3192 418 3242 omniuo
437 3193 572 3258 praesenti
592 3191 680 3243 libro:
700 3191 781 3257 plena
801 3193 869 3242 euim
890 3199 931 3244 est
950 3191 991 3242 his
1010 3192 1094 3242 omnis
1113 3192 1184 3243 scri.

75 3265 140 3329 'ptio
159 3264 302 3329 espessia,
320 3264 453 3330 quomodo
472 3265 634 3315 centimanus
653 3263 717 3314 duas
735 3262 869 3328 myriades
886 3263 1003 3316 Arabum
1021 3264 1184 3314 invictorum

88 3343 208 3402 tanquam
237 3335 344 3388 divinus
375 3335 548 3404 defulgurans
574 3335 655 3387 urbes
673 3332 881 3386 innumerabiles
909 3333 1058 3403 vectigales
1078 3334 1183 3398 lecerit,

88 3405 253 3458 Antiochiam
271 3420 392 3474 magnam
412 3414 439 3458 et
449 3407 595 3460 Melitenen
615 3415 641 3458 et
651 3407 758 3458 Tarsum
781 3414 807 3456 et
820 3404 1018 3458 Germaniceam
1037 3405 1182 3470 elumen,

89 3494 152 3545 quse
173 3486 215 3529 cst
233 3478 265 3529 ad
282 3478 369 3546 Mopsi
388 3478 486 3543 fontes,
506 3487 533 3530 et
550 3481 635 3545 ipsam
653 3479 771 3531 Adauam
790 3485 817 3528 ct
836 3478 1055 3530 circumiuoeutes
1080 3492 1182 3540 omnes,

89 3565 153 3616 quae
171 3551 294 3602 oratioue
313 3559 449 3602 contracta
462 3551 610 3602 enumerari
629 3564 682 3602 non
699 3557 819 3615 possunt.
839 3549 888 3601 ille
906 3557 993 3602 sutem
1012 3565 1028 3601 a
1045 3563 1089 3601 me
1107 3558 1183 3600 com.

88 3630 227 3673 memoratu
256 3628 332 3686 sunt,
362 3630 457 3688 utpote
491 3637 559 3690 quae
591 3638 606 3672 a
637 3622 759 3689 plurimis
792 3620 966 3689 scriptoribus
998 3637 1052 3673 non
1079 3621 1185 3688 possint

89 3694 234 3758 praeteriri.

182 3791 235 3843 Sed
260 3788 314 3842 hic
331 3791 437 3859 quidem
461 3791 602 3861 neglectus
626 3792 659 3843 ab
677 3808 762 3845 uxore
789 3802 816 3845 et
834 3791 949 3860 patrueli
967 3792 1067 3845 loanne
1084 3791 1184 3843 Trimi-

90 3861 158 3926 sche,
178 3860 269 3930 qualia
287 3871 347 3914 suut
365 3864 407 3915 dei
428 3864 541 3929 iudicia,
560 3863 668 3916 multam
686 3864 838 3916 homiuibus
862 3865 956 3916 iniecit
975 3863 1184 3916 sollicitudiuem

90 3941 114 3983 et
138 3934 342 3985 Romanorum'
335 3936 447 4001 imperio
471 3937 613 3988 tristitiam
657 3937 703 4003 qui
730 3944 818 3987 autem
845 3951 859 3985 e
884 3950 985 4003 genere
1016 3937 1073 3987 eius
1100 3940 1183 3998 erent,

89 4006 175 4056 vexati
193 4011 254 4057 sunt
273 4021 288 4056 a
306 4009 422 4072 posteris
441 4007 550 4075 regibus
569 4015 679 4074 propter
709 4008 868 4075 gravitatem
889 4006 1011 4056 fortunae
1034 4014 1060 4056 et
1077 3970 1184 4058 virtutis

89 4075 236 4143 dignitatem
263 4076 405 4128 illustrem
449 4078 572 4131 manebat
592 4086 679 4129 autem
704 4086 829 4144 posterae
848 4078 928 4129 aetati
954 4077 1029 4146 quusi
1049 4074 1183 4144 igniculus

89 4148 187 4213 quidam
206 4146 318 4212 lucens,
338 4163 423 4216 genus
441 4149 673 4203 Botsniatarum
666 4165 693 4201 m
713 4151 833 4202 exercitu
852 4149 989 4201 illustrans
1009 4149 1108 4200 domini
1126 4145 1200 4198 Ba.

89 4216 140 4271 tilii
155 4218 413 4289 porphyrogsuneti‚
432 4223 478 4291 qui
497 4222 603 4291 quidem
621 4237 669 4291 per
689 4222 864 4292 quadraginta
885 4235 968 4275 annos
986 4219 1110 4288 Bulgaris
1126 4231 1179 4283 ‚op-
