2967 4825
219 235 325 339 'roo
550 269 781 348 mensure,
800 270 1058 340 smmromn

247 443 331 529 μετά
352 451 410 511 son*
439 406 588 523 emine}
609 447 711 511 αάτοά
734 446 889 531 προγονοῦ
912 450 970 510 rod
991 448 1204 531 Ἀνδρονίκου,
1227 443 1264 515 ὃν
1285 451 1350 515 ed-

249 567 304 623 τος
323 552 458 630 βασιλέα
479 547 708 634 χειροτονήσας
727 548 771 623 ὥς
792 549 944 631 ἐνέχυρον
975 540 996 630 ή
1015 549 1232 635 συστράτηγον
1255 545 1350 635 εἶχεν,

249 642 271 733 ή
291 648 387 714 τόπον
407 647 657 737 άντιοηκάσοντα
678 648 805 733 τούτου,
837 646 872 712 εἴ
890 676 931 738 πη
954 649 1103 724 πολλάκις
1126 648 1277 737 παρήκων
1297 657 1352 719 καί

248 744 376 835 ἐκκλίτης
396 748 614 833 ἐπιτιθέμενος
641 759 707 827 τοῖς
726 754 855 833 ἐχθροῖς
878 751 1005 833 καιρίαν
1038 750 1080 827 ὥς
1103 744 1272 835 ἅνθρωπος
1296 757 1350 819 δέ-

248 857 342 933 ξοιτο.
387 851 485 930 αέτάς
505 855 542 918 δέ
554 853 633 933 μετά
652 845 755 938 πάσης
775 854 829 935 τής
848 854 946 923 tunsa
963 855 1152 918 κατεδίωκον
1172 853 1272 920 ὀπίσω
1287 862 1383 925 ardut

248 957 406 1023 ἐναντίων.
450 956 506 1020 καί
527 952 726 1019 hidraulicis
749 954 956 1038 ὑψηλοτάτων
977 958 1101 1035 deveris
1122 958 1183 1019 τῶν
1206 958 1260 1039 τῆς
1286 963 1348 1023 Τε-

250 1055 366 1142 φρικῆς
389 1057 614 1140 διερχόμενος,
646 1056 701 1120 καί
730 1065 795 1130 τοῖς
825 1057 955 1139 ἐχθροῖς
983 1058 1168 1139 ἐπιτεθῆναι
1200 1057 1281 1122 κατά
1300 1061 1347 1124 so*

249 1153 417 1240 ἐγκάρδιον
452 1154 658 1241 ἐπαγόμενος,
678 1153 763 1222 οὕτω
798 1155 853 1223 τὸν
875 1154 1012 1239 στρατὸν
1040 1156 1271 1241 κατειργάσατο
1294 1160 1349 1243 οἱς,

249 1260 351 1321 καίτοι
373 1260 436 1322 τοῖν
458 1255 586 1342 ἐχθράν
606 1257 735 1343 ἔγγιστα
756 1244 976 1341 τογχανάκτων
1005 1259 1061 1322 καί
1080 1260 1265 1325 θεαθέντων
1288 1262 1351 1325 ud-

248 1363 335 1439 τιίς,
356 1356 400 1444 μή
434 1358 597 1426 δάνασθαι
617 1368 690 1435 ,τοῖς
712 1364 787 1445 περί
807 1355 903 1423 αὐτὸν
934 1360 1182 1442 ταχοδρομήσαι
1206 1360 1257 1427 διά
1284 1367 1350 1428 ταῖν
1360 1386 1392 1440 10

248 1461 352 1524 ίαπων
369 1459 433 1547 {und
463 1460 589 1547 μνήμης
620 1456 707 1541 άξιον
740 1456 935 1542 κατόρθωμα
966 1459 1216 1542 διαπράξασθαι.
1262 1455 1349 1544 ὅμως

247 1564 354 1642 μέντοι
375 1565 418 1649 τῷ
438 1562 581 1651 άδοκήτιρ
602 1560 863 1648 τοῦπράγματος
878 1564 1152 1626 κατασεισθέντων
1172 1563 1235 1628 ruis
1256 1564 1350 1629 ἐναν-
1450 1625 1455 1632 .

223 1664 336 1745 Λάαν,
372 1657 429 1727 καί
449 1666 489 1750 τῇ
511 1664 602 1753 φήμη
636 1668 689 1749 τῆς
711 1665 766 1729 τοῦ
801 1665 957 1745 βασιλέως
988 1662 1173 1737 ἐπιστασίας
1207 1665 1350 1747 ἰσχυροῖς

245 1762 530 1849 ἐπιναρκηοάντων,
544 1763 642 1840 πολάς
659 1766 719 1846 μὲν
732 1760 828 1848 φόνος
850 1758 967 1827 τούτων
987 1764 1109 1845 ἐγίνετο
1125 1764 1243 1829 αὐτίκα
1264 1769 1350 1830 νῶτα

246 1862 431 1929 δεδωκότων
461 1867 517 1930 καί
541 1865 621 1951 πρὸς
644 1864 748 1953 φυγήν
780 1860 996 1949 ὁρμησάντων.
1039 1855 1110 1928 ὅσοι
1131 1864 1167 1929 δέ
1188 1868 1244 1929 καί
1266 1869 1351 1949 ζωμ-
1360 1888 1393 1941 15

230 1964 319 2054 ὶριίρ
351 1960 516 2048 ἑάλωσαν,
546 1969 641 2032 ου’δὲν
670 1966 835 2031 άπάναντο
864 1967 920 2048 τῆς
957 1962 1041 2041 ἰδίας
1074 1966 1165 2050 ζωής,
1184 1965 1351 2049 μαχαίρας

244 2063 335 2149 ἔργον
353 2065 524 2148 γενόμενοι.
580 2066 600 2151 ἦ
631 2070 741 2150 μέντοι
775 2068 844 2131 λεία
867 2070 972 2146 πάσα,
1005 2065 1065 2129 άπὸ
1092 2062 1265 2148 άνθράπου
1289 2068 1349 2142 ἕως

244 2168 384 2251 κτήνους,
405 2171 666 2252 ἐλτυθορωθοῖσα
684 2168 893 2250 τὸνβασιλέα
914 2165 969 2231 καί
989 2164 1115 2254 γλάσση
1129 2170 1185 2231 καί
1202 2167 1350 2247 θαύματι

247 2268 464 2353 ἐπευφήμησε.
516 2272 571 2334 καί
603 2270 666 2353 γάρ
702 2266 892 2350 θαυμαστὸν
929 2271 973 2354 τῷ
1008 2258 1076 2333 ἐντι
1106 2272 1160 2332 καί
1190 2264 1351 2351 άξιάλομον

1480 2162 1482 2175 ί

245 2371 380 2455 reprobor,
413 2371 466 2436 ἵνα
491 2368 643 2453 perstate
665 2370 833 2453 Ῥωμαίων
864 2369 1010 2453 α’κρατάς
1041 2367 1137 2456 διάκη
1164 2373 1263 2454 χωρίς
1294 2372 1397 2454 crispo
1480 2443 1481 2446 Ἴ

245 2470 364 2548 οἰκείας
386 2472 576 2557 άποσκτοής,
595 2471 676 2556 μετά
695 2471 797 2554 μόνον
816 2475 872 2538 τοῦ
894 2475 978 2537 ἰδίου
1002 2473 1177 2549 ὁπλιτικοῦ,
1201 2469 1255 2537 ἐπί
1271 2466 1349 2547 ὅλας

245 2570 366 2657 dedolo
385 2571 478 2658 ὄκταί,
501 2574 555 2639 διά
575 2574 829 2659 τάπωκάδήλων
841 2597 875 2638 τι
897 2577 952 2638 καί
966 2571 1181 2657 uideremus*
1193 2571 1237 2658 μή
1262 2575 1349 2638 cluo-

245 2669 330 2764 τάχη
350 2678 407 2759 τῆς
430 2673 586 2763 ἐπιβολῆς.

318 2865 343 2916 1.
364 2827 462 2938 atres

248 3071 309 3108 cnm
329 3056 386 3108 eius
404 3050 547 3124 priuigno,
567 3057 613 3125 qui
633 3056 742 3122 aderat,
761 3055 931 3121 Andronico,
959 3071 1038 3124 quem
1056 3055 1162 3124 quidem
1178 3055 1237 3123 ipse
1255 3069 1351 3124 regens

246 3143 341 3180 means
359 3136 390 3179 ut
408 3129 505 3197 pignus
530 3137 578 3181 aut
604 3130 710 3196 imperii
736 3130 837 3182 socium
865 3127 980 3180 habebat
1005 3136 1051 3180 aut
1069 3135 1240 3196 aequaturum
1259 3127 1351 3180 locum

248 3201 326 3252 huius
352 3201 375 3251 si
402 3213 466 3269 qua·
482 3216 563 3269 saepe
586 3202 719 3254 accedens
739 3209 766 3252 et
785 3217 843 3253 cunr
861 3202 938 3270 graui
957 3208 1088 3253 armatura
1106 3200 1206 3253 instans
1226 3199 1351 3254 hostibus

248 3271 344 3326 uulnus
371 3273 507 3325 letiferum
523 3281 553 3325 ut
578 3274 657 3325 horno
687 3275 832 3341 acciperet.
880 3275 938 3340 ipse
966 3281 1053 3324 eutem
1073 3287 1131 3324 cunr
1152 3279 1208 3323 toto
1229 3273 1351 3340 equitatu

246 3345 459 3412 persequebatur
479 3345 571 3397 hostes
591 3354 618 3396 et
636 3362 684 3413 per
706 3345 804 3398 multos
826 3345 969 3398 altissimos
988 3345 1074 3396 colles
1092 3352 1182 3396 terrae
1201 3343 1352 3410 Tephricae

247 3418 409 3484 perveniens
437 3426 463 3468 et
489 3415 609 3468 hostibus
635 3419 735 3469 instare
767 3433 799 3467 ex
828 3417 938 3486 obliquo
964 3418 1126 3468 contendens
1146 3419 1182 3467 ita
1202 3418 1352 3467 exercitum

245 3488 370 3556 perfecit,
389 3495 419 3540 ut
438 3502 594 3557 quamquam
613 3487 706 3540 hostes
725 3489 840 3554 proximi
859 3497 950 3541 essent
971 3497 997 3540 et
1014 3489 1047 3540 ub
1065 3489 1099 3540 iis
1119 3490 1352 3555 conspicerentur,

246 3569 334 3611 tamen
353 3575 407 3610 nen
426 3567 539 3626 possent
559 3560 616 3609 eius
635 3559 765 3612 militibus
783 3575 833 3625 per
852 3577 935 3629 equos
955 3560 1082 3613 celeriter
1113 3576 1221 3612 currere
1240 3568 1267 3611 et
1288 3576 1352 3611 me.

245 3632 330 3681 moria
362 3631 470 3697 dignum
497 3630 596 3680 facturn
621 3647 722 3697 agerer
752 3639 866 3683 attamen
895 3650 953 3684 cum
972 3634 1157 3700 inexspectata
1175 3648 1205 3682 re
1225 3635 1353 3685 concussi

249 3709 340 3753 essent
363 3700 455 3753 hostes
481 3709 507 3751 et
526 3700 594 3752 fama
623 3702 736 3768 impetus
766 3705 838 3772 regis
858 3705 936 3757 valde
954 3704 1113 3769 horrerent,
1139 3717 1235 3772 magna
1255 3705 1354 3756 caedes

247 3773 341 3824 horum
361 3772 431 3823 lacta
448 3779 498 3836 est,
518 3787 577 3822 cunr
597 3775 684 3825 statim
702 3783 778 3844 terga
799 3777 935 3829 dedissent
955 3779 1026 3828 etin
1046 3779 1136 3846 lugam
1155 3791 1184 3827 se
1195 3776 1353 3840 vertissent,

246 3849 300 3895 τοι]
320 3859 395 3896 usum
415 3843 565 3895 habuerunt
582 3861 648 3898 suae
666 3847 749 3911 ritae,
770 3847 852 3916 gladii
872 3864 938 3914 opus
960 3849 1039 3900 lacti:
1058 3849 1254 3915 praedaautem
1266 3849 1354 3899 omnis

246 3917 280 3966 ab
302 3912 410 3966 homine
429 3932 514 3984 usque
532 3917 565 3968 ad
583 3917 711 3984 pecudem
731 3919 844 3972 liberata
862 3937 953 3988 regem
973 3930 1001 3972 et
1019 3922 1111 3988 lingua
1136 3928 1162 3970 et
1177 3921 1354 3972 admiratione

251 3985 417 4038 celebrarit:
437 3989 534 4038 etenim
553 3984 710 4041 admirabile
729 3992 852 4058 prolecto
874 4000 901 4043 et
927 3993 1100 4044 memorabile
1128 3992 1187 4056 luit,
1214 3993 1285 4060 quod
1304 4008 1354 4042 rex

252 4059 416 4111 Graecorum
434 4061 631 4113 incontinenter
653 4066 867 4129 persecutionem
894 4067 1048 4133 exsequitur
1072 4066 1131 4117 sinc
1158 4065 1275 4132 propriis
1299 4066 1353 4114 im.

251 4129 411 4198 pedimentis
439 4147 499 4184 cum
524 4133 583 4185 solu
610 4149 658 4187 sua
676 4137 768 4203 gravis
786 4144 938 4188 armuturae
959 4153 1038 4191 manu
1057 4143 1128 4190 totos
1147 4138 1204 4190 dies
1223 4142 1284 4188 octo
1304 4149 1354 4202 per

250 4202 313 4257 locs
329 4204 423 4273 ignota
442 4211 469 4256 et
487 4204 562 4259 invia
580 4220 670 4276 neque
686 4207 786 4262 excidit
804 4208 951 4278 proposito.
