2967 4825
397 307 402 317 .
450 264 453 270 ’
542 256 753 354 monis.
807 266 811 277 ·
859 296 862 303 ·
1126 256 1207 333 οοτ
1284 232 1287 237 '

101 424 252 511 άκίξιον,
285 429 341 495 καί
369 432 537 513 προθεῖναι
560 441 627 498 κατ’
659 436 761 498 αὐτοῦ
790 431 1012 521 δικαστήριον,
1047 436 1102 503 καί
1122 456 1206 517 μετα
1250 514 1254 524 x

102 528 275 620 διάγνωσιν
296 533 448 654 καταδίκῃ
480 536 539 611 μὲν
561 534 778 625 θανατηφόρρι
799 535 910 601 τοῦτον
930 535 1122 619 ὑποβαλεῖν,
1145 534 1207 601 οἴν-

13 680 19 689 .
100 635 247 713 τιστῆοαι
264 636 299 699 δὲ
320 658 360 721 τιρ
386 618 498 723 ‹isubs'rp
520 633 606 723 χόλῳ
632 634 667 700 τά
689 636 866 720 ἠπιώτατον
894 637 948 703 καί
967 639 1207 725 φιλάνθρωπον,

100 736 156 798 καί
176 758 257 799 ουτω
281 736 421 822 φυλάξαι
440 739 478 822 τῇ
492 735 707 817 Ρωμαίων’
688 742 776 825 αρχῇ
797 743 978 825 τηλικοῦτον
1006 738 1206 825 στρατιώτην

75 832 158 911 5καί
179 833 375 922 στρατηγόν,
404 833 578 918 δυνάμενον
605 840 639 903 ἐν
671 848 737 913 τοῖς
768 845 997 925 φλεγμαίνουσι
1025 849 1131 918 κακοῖς
1151 842 1205 923 τῆς

101 931 184 1011 ἐάας
212 934 370 1002 ἰάσασθαι
392 935 493 1001 πολλά
514 941 576 1003 τοῖν
597 941 696 1030 αρ’τῆς
715 942 977 1030 ουντριμμάτοον,
1000 936 1080 1011 δι’στο
1104 938 1204 1026 χάρι-

101 1060 158 1111 τας
181 1032 418 1121 ὁμολογήσαντα
444 1042 497 1124 τῆς
526 1043 685 1155 σωτηρίας
705 1042 747 1128 τῷ
777 1046 908 1123 βασιλεῖ
933 1069 986 1110 και
982 1039 1205 1127 ἀνυπερβλή-

100 1159 175 1212 τους
211 1138 419 1226 εδχαριοτίας
450 1140 642 1225 πεποιηκότα
674 1135 767 1262 (pesp
799 1140 921 1221 πάντας
954 1142 1073 1271 άνάνκη
1104 1145 1203 1233 τούτῳ

99 1239 230 1323 ποιῆσαι
253 1230 311 1320 η’ν,
345 1242 458 1358 λογικιρ
479 1265 512 1305 τι
543 1265 609 1307 οντι
642 1246 697 1307 καί
730 1240 912 1361 ρρονησεως
937 1248 995 1310 ου’κ
1017 1246 1204 1331 α’μοιροῦντι

60 1364 91 1417 10
100 1344 253 1426 οτερρας)
275 1346 382 1422 λαβεῖν
408 1368 468 1426 την
490 1339 660 1426 ἡγεμονίαν
687 1347 746 1409 τοῦ
768 1350 907 1429 πολέμου
932 1350 985 1413 καί
1003 1350 1056 1431 τῆς
1076 1342 1206 1426 πιεζού-

100 1467 161 1527 σης
180 1444 353 1525 ἐπιδρομῆς
384 1447 602 1569 ἐλευθερῶσαι
634 1443 674 1510 τά
697 1444 782 1529 buu,
808 1440 882 1514 ὅσον
904 1472 939 1532 γε
965 1443 1034 1533 ἥκει
1055 1474 1113 1514 κατ
1114 1447 1206 1513 ἰ-άν

101 1542 307 1627 θρωαίνην”
287 1567 411 1610 εννοιαν
426 1548 461 1610 ἐκ
483 1549 538 1629 τῆς
559 1572 620 1611 των
642 1541 804 1632 προτέρων
825 1550 926 1614 soret
947 1546 1206 1651 κατορθωμάτων

100 1647 157 1709 καί
180 1642 387 1764 τολμημάτων
416 1644 648 1732 κατανοήοεως,
676 1688 718 1701 -
746 1675 790 1733 μη
822 1648 998 1736 πειτοιηκάς
1026 1644 1083 1714 ουν
1105 1674 1208 1727 οντοος

52 1823 56 1829 Γ
99 1744 315 1827 δβασιλεδς,
345 1740 425 1814 stat
445 1773 491 1835 τρι
479 1750 608 1837 θυμῷ
635 1748 668 1814 τδ
702 1752 851 1818 κλεῖον’
830 1756 1004 1833 αιτονείμας
1024 1755 1079 1817 τοῖ
1102 1753 1210 1871 nosip-

61 1865 209 1930 15ματος,
231 1844 328 1913 ἔλαθε
346 1852 497 1935 μεγίστης
511 1849 625 1933 ἰσχύος
647 1852 702 1918 καί
713 1852 888 1937 εὐπραγίας
910 1853 1129 1937 οιίιοστερήσας
1150 1876 1207 1936 την

96 1946 312 2029 Ρωμαίων
291 1948 416 2036 αρχήν,
439 1950 483 2026 οὖς
514 1955 569 2017 καί
602 1949 681 2055 μετά
705 1957 806 2018 ταῦτα
836 1950 875 2016 τά
910 1952 1083 2035 πράγματα
1105 1974 1209 2036 τιαρο-

99 2046 271 2135 στησαντο.
313 2052 481 2135 ααραδοάς
512 2050 611 2119 ου’τάν
644 2063 708 2136 τοῖς
729 2059 956 2140 βασανισταῖς,
978 2052 1149 2136 ξεσμοῖς
1129 2078 1209 2139 ανη-

99 2155 225 2227 κίσταις
247 2147 301 2215 διά
321 2148 563 2238 βουνεάροον,“
536 2178 580 2230 ως
602 2180 673 2220 τινα
695 2158 808 2222 δουλον
838 2158 1006 2240 δραπέτην,
1029 2151 1129 2219 ateis
1151 2180 1206 2219 κα·
1251 2139 1253 2145 ⁵

100 2255 277 2335 θοπίβαλι,
299 2252 354 2318 καί
378 2258 423 2331 είς
444 2257 499 2322 ἕνα
522 2260 583 2321 τάν
603 2256 733 2341 τιν’ργων
764 2256 982 2338 κατακλείσας,
1003 2253 1132 2341 ζοφώδη
1151 2257 1210 2321 καί
1217 2273 1236 2327 t.
1247 2272 1298 2330 211
1308 2288 1337 2330 v.

60 2353 366 2443 ρράφιλάνδρωπον,
389 2358 584 2444 α’τημὲλητον
600 2353 668 2442 εἶχε
685 2362 740 2424 καί
753 2361 893 2442 σχοίνοις
908 2360 1050 2444 σιδηροῖς
1065 2358 1207 2439 δέσμιον.
1248 2421 1250 2424 .
1305 2440 1314 2450 ¹

127 2466 133 2474 ‘
217 2450 323 2544 Εφθη
353 2453 410 2523 ουν
441 2459 459 2523 o‘
489 2466 621 2545 Νέστωρ
650 2460 706 2544 τὴν
740 2462 960 2580 μελετωμένην
1002 2457 1207 2554 ἐκπληρώσας

101 2557 234 2644 βουλήν,
254 2565 310 2626 καί
332 2559 410 2642 μετά
434 2566 495 2628 τάν
518 2562 733 2643 Πατζινάκων
754 2566 799 2638 εἰς
822 2587 878 2646 την
904 2559 1161 2646 Μακεδονικην’
1147 2585 1207 2650 εμς·

104 2661 232 2745 βαλών,
261 2664 315 2728 καί
337 2649 456 2747 ταύτην
477 2667 579 2740 κακῶς
600 2657 682 2747 άγαν
710 2661 765 2728 καί
786 2665 913 2748 οιίτηνως
944 2663 1087 2737 διαθεῖν·
1130 2641 1209 2731 ss'tb

178 2857 203 2910 t.
224 2857 461 2944 δμολογήσαντας
481 2866 509 2911 et
525 2857 766 2926 πεποιηκόταςῦ.
786 2859 906 2912 correxit
922 2857 1065 2927 interpres.
1105 2827 1106 2835 ¹
1163 2855 1206 2909 1⁷.

176 2922 328 3004 napudoris
345 2925 403 3005 γάρ
422 2925 529 2985 αδιὸνλ

103 3096 209 3150 nationi
229 3097 323 3164 capitis
343 3096 413 3148 hunc
433 3097 577 3161 subiicere,
597 3111 736 3167 opponere
755 3102 843 3148 autem
861 3097 932 3148 iusto
952 3095 1013 3148 odio
1038 3094 1206 3148 clementiam

106 3178 133 3221 et
151 3168 344 3220 humanitatem
365 3177 445 3252 atque
464 3171 503 3221 sic
521 3185 630 3222 servare
649 3169 836 3221 Graecorum'
829 3182 941 3234 imperio
952 3166 1032 3218 talem
1048 3166 1159 3218 militem
1180 3175 1206 3220 et

105 3241 216 3305 ducem,
237 3243 282 3308 qui
301 3249 393 3308 posset
413 3241 440 3292 in
460 3241 631 3309 flagrantibus
659 3239 736 3291 malis
765 3241 876 3292 orientis
907 3239 1007 3290 mederi
1031 3237 1121 3291 multis
1148 3239 1206 3291 eius

105 3312 214 3376 ictibus,
234 3313 333 3382 quippe
353 3326 412 3371 cum
430 3314 524 3365 merita
544 3313 724 3365 concessisset
750 3311 843 3364 salutis
873 3313 932 3379 regi
953 3317 986 3364 st
1010 3309 1206 3376 insuperabiles

104 3392 196 3452 grates
216 3387 332 3453 egisset·
352 3385 378 3436 id
390 3386 460 3453 quod
473 3386 579 3441 omuino
598 3384 716 3469 oportuit
733 3381 829 3435 hunef
828 3399 907 3434 acere
920 3390 1024 3433 cautum
1042 3397 1130 3449 neque
1140 3397 1206 3449 pru

104 3457 213 3508 dentiae
234 3465 370 3525 expertem
395 3456 556 3508 constantis·
577 3458 676 3525 quique
697 3464 790 3540 posset
815 3456 952 3522 suscipere
977 3453 1115 3538 imperium
1139 3451 1206 3504 belli

106 3538 133 3581 et
151 3545 169 3580 a
190 3528 329 3594 molesta
321 3528 462 3580 invasione
482 3528 600 3580 liberare
625 3529 735 3580 orientis
755 3536 851 3591 terras,
872 3535 996 3596 quantum
1014 3527 1042 3576 in
1072 3525 1207 3577 hominum

105 3602 222 3652 animum
241 3598 317 3652 venit
343 3615 376 3652 ex
401 3600 616 3653 consideratione
640 3601 758 3668 priorum
788 3601 844 3651 eius
864 3600 1034 3652 victoriarum
1056 3605 1082 3648 et
1100 3597 1206 3648 facino.

104 3687 165 3724 rum
183 3673 336 3724 audacium:
355 3674 402 3724 sed
415 3689 469 3724 non
488 3674 528 3725 sic
547 3688 630 3742 agens
645 3689 703 3737 rex,
723 3673 771 3724 sed
785 3673 841 3722 irae
858 3671 999 3739 plurimum
1018 3671 1058 3720 rei
1077 3669 1207 3734 tribuens,

104 3746 216 3797 nescius
243 3746 357 3797 maximo
380 3745 478 3797 robore
507 3755 534 3798 et
553 3753 651 3798 eventu
677 3745 796 3811 privavit
825 3743 984 3796 Graecorum
1012 3743 1160 3808 imperium,
1179 3747 1208 3794 ut

107 3818 188 3868 etiam
207 3825 302 3884 postea
319 3833 362 3869 res
381 3818 558 3884 apparebant·
585 3817 691 3868 tradens
718 3833 777 3868 eum
797 3816 957 3878 tortoribus,
985 3813 1170 3866 cruciatibus
1163 3829 1208 3864 rn-

107 3888 272 3942 sanabilibus
285 3890 440 3942 exuviarum
457 3888 613 3941 bubularnm
632 3897 756 3958 tanquam
776 3903 882 3940 servum
901 3887 1043 3954 fugitivum
1064 3902 1122 3936 enm
1142 3884 1210 3938 sub-

107 3961 173 4012 iecit
193 3963 264 4013 etin
283 3963 350 4012 turri
370 3958 509 4012 includens
529 3961 641 4012 obscura
654 3968 681 4010 et
699 3960 842 4010 inhumana
862 3958 966 4009 honore
979 3957 1146 4010 deminutum
1164 3963 1208 4010 te-

94 4032 190 4107 ,nebat
209 4041 235 4085 et
254 4033 368 4086 vinculis
388 4033 484 4084 ferreis
501 4033 661 4087 adstrictum.

208 4126 363 4180 Antevertit
387 4123 471 4192 igitur
488 4122 584 4176 Nestor
604 4130 729 4175 statutum
748 4127 890 4172 exsecutus
912 4115 1068 4200 cpnsilium,
1099 4123 1126 4170 et
1149 4130 1211 4170 eum

108 4197 291 4255 Patsinacis
283 4214 312 4251 ιιι
339 4197 521 4253 Macedoniam
551 4195 680 4248 invadens
714 4200 740 4244 et
764 4192 833 4246 hanc
865 4190 979 4257 pessime
1009 4197 1035 4244 et
1066 4188 1209 4248 crudeliter
