<?xml version="1.0" encoding="UTF-8"?>
<!DOCTYPE html PUBLIC "-//W3C//DTD XHTML 1.0 Transitional//EN"
    "http://www.w3.org/TR/xhtml1/DTD/xhtml1-transitional.dtd">
<html xmlns="http://www.w3.org/1999/xhtml" xml:lang="en" lang="en">
 <head>
  <title>
</title>
<meta http-equiv="Content-Type" content="text/html;charset=utf-8" />
  <meta name='ocr-system' content='tesseract 3.04.00' />
  <meta name='ocr-capabilities' content='ocr_page ocr_carea ocr_par ocr_line ocrx_word'/>
</head>
<body>
  <div class='ocr_page' id='page_1' title='image "./corpusscriptoru41theogoog/corpusscriptoru41theogoog_0294.png"; bbox 0 0 2967 4825; ppageno 0'>
   <div class='ocr_carea' id='block_1_1' title="bbox 253 150 1048 275">
    <p class='ocr_par' dir='ltr' id='par_1_1' title="bbox 253 150 1048 275">
     <span class='ocr_line' id='line_1_1' title="bbox 253 150 1048 275; baseline -0.016 -13"><span class='ocrx_word' id='word_1_1' title='bbox 253 188 338 275; x_wconf 77' lang='grc' dir='ltr'><strong>ατο</strong></span> <span class='ocrx_word' id='word_1_2' title='bbox 433 250 436 262; x_wconf 84' lang='grc'>,</span> <span class='ocrx_word' id='word_1_3' title='bbox 531 182 770 257; x_wconf 54' lang='lat' dir='ltr'><strong>monemur</strong></span> <span class='ocrx_word' id='word_1_4' title='bbox 786 150 1048 263; x_wconf 74' lang='lat' dir='ltr'><strong>amorreum</strong></span> 
     </span>
    </p>
   </div>
   <div class='ocr_carea' id='block_1_2' title="bbox 163 335 1477 2659">
    <p class='ocr_par' dir='ltr' id='par_1_2' title="bbox 163 335 1477 2659">
     <span class='ocr_line' id='line_1_2' title="bbox 190 335 1367 437; baseline -0.018 -18"><span class='ocrx_word' id='word_1_5' title='bbox 190 403 194 408; x_wconf 63' lang='lat'><em>.</em></span> <span class='ocrx_word' id='word_1_6' title='bbox 254 350 384 437; x_wconf 73' lang='grc' dir='ltr'><em>ἔμβολοι</em></span> <span class='ocrx_word' id='word_1_7' title='bbox 406 353 559 432; x_wconf 69' lang='grc' dir='ltr'><em>λέγονται,</em></span> <span class='ocrx_word' id='word_1_8' title='bbox 583 351 840 433; x_wconf 81' lang='grc' dir='ltr'><em>περινοστούνιες</em></span> <span class='ocrx_word' id='word_1_9' title='bbox 867 344 922 411; x_wconf 83' lang='grc' dir='ltr'><strong>καί</strong></span> <span class='ocrx_word' id='word_1_10' title='bbox 945 335 1193 431; x_wconf 71' lang='grc' dir='ltr'><strong>ἐμφωλεύοντες,Ι</strong></span> <span class='ocrx_word' id='word_1_11' title='bbox 1216 337 1272 402; x_wconf 73' lang='grc' dir='ltr'><em>κατ’</em></span> <span class='ocrx_word' id='word_1_12' title='bbox 1289 359 1367 400; x_wconf 84' lang='grc' dir='ltr'><strong>πα-</strong></span> 
     </span>
     <span class='ocr_line' id='line_1_3' title="bbox 256 440 1368 537; baseline -0.014 -20"><span class='ocrx_word' id='word_1_13' title='bbox 256 451 395 537; x_wconf 86' lang='grc' dir='ltr'><em>ρασίτων</em></span> <span class='ocrx_word' id='word_1_14' title='bbox 415 449 501 531; x_wconf 79' lang='grc' dir='ltr'><em>τάξιν</em></span> <span class='ocrx_word' id='word_1_15' title='bbox 522 445 544 536; x_wconf 82' lang='grc' dir='ltr'><em>ἢ</em></span> <span class='ocrx_word' id='word_1_16' title='bbox 565 448 705 516; x_wconf 77' lang='grc' dir='ltr'><strong><em>κολάκων</em></strong></span> <span class='ocrx_word' id='word_1_17' title='bbox 726 442 747 531; x_wconf 80' lang='grc' dir='ltr'><em>ἢ</em></span> <span class='ocrx_word' id='word_1_18' title='bbox 768 448 837 534; x_wconf 87' lang='grc' dir='ltr'><em>τόγε</em></span> <span class='ocrx_word' id='word_1_19' title='bbox 864 447 1077 532; x_wconf 81' lang='grc' dir='ltr'><em>α’ληθίστερον</em></span> <span class='ocrx_word' id='word_1_20' title='bbox 1098 440 1197 506; x_wconf 73' lang='grc' dir='ltr'><em>εἰπεῖν</em></span> <span class='ocrx_word' id='word_1_21' title='bbox 1218 461 1368 524; x_wconf 83' lang='grc' dir='ltr'><em>προσπι-</em></span> 
     </span>
     <span class='ocr_line' id='line_1_4' title="bbox 163 541 1474 638; baseline -0.014 -17"><span class='ocrx_word' id='word_1_22' title='bbox 163 574 165 579; x_wconf 83' lang='grc'><strong><em>·</em></strong></span> <span class='ocrx_word' id='word_1_23' title='bbox 255 556 317 620; x_wconf 82' lang='grc' dir='ltr'><em>τεόν</em></span> <span class='ocrx_word' id='word_1_24' title='bbox 342 557 519 637; x_wconf 76' lang='grc' dir='ltr'><em>ἐπέχοντες,</em></span> <span class='ocrx_word' id='word_1_25' title='bbox 544 550 693 634; x_wconf 75' lang='grc' dir='ltr'><em>συνήθως</em></span> <span class='ocrx_word' id='word_1_26' title='bbox 714 547 840 634; x_wconf 75' lang='grc' dir='ltr'><em>ἔχοντες</em></span> <span class='ocrx_word' id='word_1_27' title='bbox 862 556 932 624; x_wconf 81' lang='grc' dir='ltr'><em>ταῖς</em></span> <span class='ocrx_word' id='word_1_28' title='bbox 945 548 1070 619; x_wconf 86' lang='grc' dir='ltr'><em>οἰκίαις</em></span> <span class='ocrx_word' id='word_1_29' title='bbox 1090 543 1151 608; x_wconf 76' lang='grc' dir='ltr'><em>τοόν</em></span> <span class='ocrx_word' id='word_1_30' title='bbox 1170 541 1365 623; x_wconf 66' lang='grc' dir='ltr'><em>τιμωμένων</em></span> <span class='ocrx_word' id='word_1_31' title='bbox 1473 562 1474 638; x_wconf 58' lang='lat' dir='ltr'><strong>p</strong></span> 
     </span>
     <span class='ocr_line' id='line_1_5' title="bbox 256 638 1367 744; baseline -0.012 -24"><span class='ocrx_word' id='word_1_32' title='bbox 256 656 428 744; x_wconf 74' lang='grc' dir='ltr'><em>ἐπιφοιτᾶν</em></span> <span class='ocrx_word' id='word_1_33' title='bbox 461 653 517 718; x_wconf 84' lang='grc' dir='ltr'><strong>καί</strong></span> <span class='ocrx_word' id='word_1_34' title='bbox 545 651 759 737; x_wconf 81' lang='grc' dir='ltr'><em>προφημίζειν</em></span> <span class='ocrx_word' id='word_1_35' title='bbox 785 652 818 715; x_wconf 80' lang='grc' dir='ltr'><strong>ἐν</strong></span> <span class='ocrx_word' id='word_1_36' title='bbox 849 647 1038 734; x_wconf 77' lang='grc' dir='ltr'><em>εύχαριοτίρι</em></span> <span class='ocrx_word' id='word_1_37' title='bbox 1065 644 1270 728; x_wconf 76' lang='grc' dir='ltr'><em>μεγαλουργῷ</em></span> <span class='ocrx_word' id='word_1_38' title='bbox 1298 638 1367 726; x_wconf 74' lang='grc' dir='ltr'><strong>τὴν</strong></span> 
     </span>
     <span class='ocr_line' id='line_1_6' title="bbox 254 745 1397 837; baseline -0.017 -15"><span class='ocrx_word' id='word_1_39' title='bbox 254 759 413 837; x_wconf 74' lang='grc' dir='ltr'><em>βασιλέων</em></span> <span class='ocrx_word' id='word_1_40' title='bbox 431 751 530 837; x_wconf 78' lang='grc' dir='ltr'><em>χάριν</em></span> <span class='ocrx_word' id='word_1_41' title='bbox 549 757 605 818; x_wconf 84' lang='grc' dir='ltr'><strong>καί</strong></span> <span class='ocrx_word' id='word_1_42' title='bbox 625 750 660 817; x_wconf 89' lang='grc' dir='ltr'><strong>τό</strong></span> <span class='ocrx_word' id='word_1_43' title='bbox 684 752 739 835; x_wconf 77' lang='grc' dir='ltr'><strong>τῆς</strong></span> <span class='ocrx_word' id='word_1_44' title='bbox 763 745 920 834; x_wconf 72' lang='grc' dir='ltr'><em>τιμήσεως</em></span> <span class='ocrx_word' id='word_1_45' title='bbox 933 746 1086 832; x_wconf 80' lang='grc' dir='ltr'><em>ἐπιφανὲς</em></span> <span class='ocrx_word' id='word_1_46' title='bbox 1100 746 1154 808; x_wconf 78' lang='grc' dir='ltr'><em>κατ’</em></span> <span class='ocrx_word' id='word_1_47' title='bbox 1177 745 1397 827; x_wconf 71' lang='grc' dir='ltr'><em>περιολβον,5</em></span> 
     </span>
     <span class='ocr_line' id='line_1_7' title="bbox 255 838 1474 938; baseline -0.016 -16"><span class='ocrx_word' id='word_1_48' title='bbox 255 859 311 923; x_wconf 85' lang='grc' dir='ltr'><strong>καί</strong></span> <span class='ocrx_word' id='word_1_49' title='bbox 333 857 427 923; x_wconf 69' lang='lat' dir='ltr'><strong>adrat*</strong></span> <span class='ocrx_word' id='word_1_50' title='bbox 448 858 482 920; x_wconf 79' lang='grc' dir='ltr'><strong>ἐκ</strong></span> <span class='ocrx_word' id='word_1_51' title='bbox 504 850 644 938; x_wconf 78' lang='grc' dir='ltr'><em>πενήτων</em></span> <span class='ocrx_word' id='word_1_52' title='bbox 664 850 812 936; x_wconf 82' lang='grc' dir='ltr'><em>γεγόνασι</em></span> <span class='ocrx_word' id='word_1_53' title='bbox 831 846 978 914; x_wconf 88' lang='grc' dir='ltr'><em>πλούσιοι</em></span> <span class='ocrx_word' id='word_1_54' title='bbox 991 848 1047 910; x_wconf 83' lang='grc' dir='ltr'><strong><em>καί</em></strong></span> <span class='ocrx_word' id='word_1_55' title='bbox 1067 839 1199 927; x_wconf 84' lang='grc' dir='ltr'><em>εύποροι</em></span> <span class='ocrx_word' id='word_1_56' title='bbox 1221 845 1254 922; x_wconf 83' lang='grc' dir='ltr'><strong>ἐξ</strong></span> <span class='ocrx_word' id='word_1_57' title='bbox 1276 838 1367 906; x_wconf 87' lang='grc' dir='ltr'><em>α’πό-</em></span> <span class='ocrx_word' id='word_1_58' title='bbox 1473 863 1474 866; x_wconf 66' lang='grc'>’</span> 
     </span>
     <span class='ocr_line' id='line_1_8' title="bbox 256 941 1369 1043; baseline -0.015 -19"><span class='ocrx_word' id='word_1_59' title='bbox 256 982 321 1042; x_wconf 90' lang='grc' dir='ltr'><strong>ρων</strong></span> <span class='ocrx_word' id='word_1_60' title='bbox 342 959 381 1043; x_wconf 76' lang='grc' dir='ltr'><strong>τῇ</strong></span> <span class='ocrx_word' id='word_1_61' title='bbox 401 959 551 1042; x_wconf 76' lang='grc' dir='ltr'><em>συνεχείρι</em></span> <span class='ocrx_word' id='word_1_62' title='bbox 573 957 628 1019; x_wconf 82' lang='grc' dir='ltr'><strong>καί</strong></span> <span class='ocrx_word' id='word_1_63' title='bbox 649 956 692 1042; x_wconf 76' lang='grc' dir='ltr'><strong>τῷ</strong></span> <span class='ocrx_word' id='word_1_64' title='bbox 712 948 926 1039; x_wconf 83' lang='grc' dir='ltr'><em>πολυαρίθμιρ</em></span> <span class='ocrx_word' id='word_1_65' title='bbox 944 952 1008 1014; x_wconf 74' lang='grc' dir='ltr'><em>τοῖν</em></span> <span class='ocrx_word' id='word_1_66' title='bbox 1029 949 1232 1030; x_wconf 76' lang='grc' dir='ltr'><em>τιμωμένων,</em></span> <span class='ocrx_word' id='word_1_67' title='bbox 1255 941 1369 1026; x_wconf 81' lang='grc' dir='ltr'><em>όδροὶν</em></span> 
     </span>
     <span class='ocr_line' id='line_1_9' title="bbox 258 1045 1366 1142; baseline -0.008 -19"><span class='ocrx_word' id='word_1_68' title='bbox 258 1060 334 1123; x_wconf 90' lang='grc' dir='ltr'><em>καθ’</em></span> <span class='ocrx_word' id='word_1_69' title='bbox 355 1049 492 1142; x_wconf 76' lang='grc' dir='ltr'><em>ἓκύστην</em></span> <span class='ocrx_word' id='word_1_70' title='bbox 512 1059 650 1140; x_wconf 83' lang='grc' dir='ltr'><em>χρυσίου</em></span> <span class='ocrx_word' id='word_1_71' title='bbox 672 1053 827 1139; x_wconf 81' lang='grc' dir='ltr'><em>ποσότητα</em></span> <span class='ocrx_word' id='word_1_72' title='bbox 851 1048 938 1133; x_wconf 80' lang='grc' dir='ltr'><em>παρὰ</em></span> <span class='ocrx_word' id='word_1_73' title='bbox 953 1050 1073 1115; x_wconf 90' lang='grc' dir='ltr'><em>τούτων</em></span> <span class='ocrx_word' id='word_1_74' title='bbox 1096 1045 1366 1131; x_wconf 82' lang='grc' dir='ltr'><em>εἶσκομιζόμενοι.</em></span> 
     </span>
     <span class='ocr_line' id='line_1_10' title="bbox 257 1145 1475 1264; baseline -0.013 -39"><span class='ocrx_word' id='word_1_75' title='bbox 257 1163 375 1225; x_wconf 83' lang='grc' dir='ltr'><em>πίνεται</em></span> <span class='ocrx_word' id='word_1_76' title='bbox 395 1156 457 1242; x_wconf 81' lang='grc' dir='ltr'><strong>γὰρ</strong></span> <span class='ocrx_word' id='word_1_77' title='bbox 481 1156 508 1241; x_wconf 58' lang='grc' dir='ltr'><strong>*ἦ</strong></span> <span class='ocrx_word' id='word_1_78' title='bbox 543 1153 630 1231; x_wconf 83' lang='grc' dir='ltr'><em>δόσις</em></span> <span class='ocrx_word' id='word_1_79' title='bbox 657 1152 746 1240; x_wconf 84' lang='grc' dir='ltr'><em>παρύ</em></span> <span class='ocrx_word' id='word_1_80' title='bbox 779 1154 904 1220; x_wconf 85' lang='grc' dir='ltr'><em>πόντων</em></span> <span class='ocrx_word' id='word_1_81' title='bbox 927 1154 990 1216; x_wconf 77' lang='grc' dir='ltr'><strong>τόν</strong></span> <span class='ocrx_word' id='word_1_82' title='bbox 1018 1149 1293 1232; x_wconf 84' lang='grc' dir='ltr'><em>εύδοιιμονούντων</em></span> <span class='ocrx_word' id='word_1_83' title='bbox 1314 1145 1368 1222; x_wconf 77' lang='grc' dir='ltr'><strong>ὥς</strong></span> <span class='ocrx_word' id='word_1_84' title='bbox 1474 1174 1475 1264; x_wconf 64' lang='grc' dir='ltr'><em>ρ</em></span> 
     </span>
     <span class='ocr_line' id='line_1_11' title="bbox 258 1251 1475 1346; baseline -0.009 -21"><span class='ocrx_word' id='word_1_85' title='bbox 258 1262 292 1337; x_wconf 79' lang='grc' dir='ltr'><strong>ἒξ</strong></span> <span class='ocrx_word' id='word_1_86' title='bbox 313 1255 449 1343; x_wconf 80' lang='grc' dir='ltr'><em>όρύνου,</em></span> <span class='ocrx_word' id='word_1_87' title='bbox 471 1258 511 1343; x_wconf 75' lang='grc' dir='ltr'><strong>ἢν</strong></span> <span class='ocrx_word' id='word_1_88' title='bbox 532 1256 587 1322; x_wconf 87' lang='grc' dir='ltr'><strong>καί</strong></span> <span class='ocrx_word' id='word_1_89' title='bbox 606 1255 783 1340; x_wconf 79' lang='grc' dir='ltr'><em>συνήθειαν</em></span> <span class='ocrx_word' id='word_1_90' title='bbox 812 1255 868 1320; x_wconf 83' lang='grc' dir='ltr'><strong>τοῦ</strong></span> <span class='ocrx_word' id='word_1_91' title='bbox 890 1254 1037 1338; x_wconf 80' lang='grc' dir='ltr'><em>Χριστοῦ</em></span> <span class='ocrx_word' id='word_1_92' title='bbox 1065 1251 1282 1332; x_wconf 84' lang='grc' dir='ltr'><em>α’στεϊζόμενοι</em></span> <span class='ocrx_word' id='word_1_93' title='bbox 1303 1252 1416 1317; x_wconf 84' lang='grc' dir='ltr'><em>λε’-10</em></span> <span class='ocrx_word' id='word_1_94' title='bbox 1474 1271 1475 1346; x_wconf 57' lang='grc' dir='ltr'><em>χ</em></span> 
     </span>
     <span class='ocr_line' id='line_1_12' title="bbox 257 1355 1368 1446; baseline -0.014 -18"><span class='ocrx_word' id='word_1_95' title='bbox 257 1386 357 1446; x_wconf 90' lang='grc' dir='ltr'><em>γοοοι.</em></span> <span class='ocrx_word' id='word_1_96' title='bbox 389 1358 561 1444; x_wconf 74' lang='grc' dir='ltr'><em>προϊούσης</em></span> <span class='ocrx_word' id='word_1_97' title='bbox 594 1362 629 1424; x_wconf 81' lang='grc' dir='ltr'><strong>δὲ</strong></span> <span class='ocrx_word' id='word_1_98' title='bbox 650 1361 705 1442; x_wconf 79' lang='grc' dir='ltr'><strong>τῆς</strong></span> <span class='ocrx_word' id='word_1_99' title='bbox 721 1356 905 1440; x_wconf 67' lang='grc' dir='ltr'><em>εὐεργεσίας</em></span> <span class='ocrx_word' id='word_1_100' title='bbox 929 1357 974 1429; x_wconf 84' lang='grc' dir='ltr'><em>εἰς</em></span> <span class='ocrx_word' id='word_1_101' title='bbox 994 1355 1214 1439; x_wconf 71' lang='grc' dir='ltr'><em>ἀναρίθμητον</em></span> <span class='ocrx_word' id='word_1_102' title='bbox 1234 1359 1368 1438; x_wconf 77' lang='grc' dir='ltr'><em>στῖφος,</em></span> 
     </span>
     <span class='ocr_line' id='line_1_13' title="bbox 257 1449 1370 1549; baseline -0.01 -22"><span class='ocrx_word' id='word_1_103' title='bbox 257 1465 314 1527; x_wconf 84' lang='grc' dir='ltr'><strong>καί</strong></span> <span class='ocrx_word' id='word_1_104' title='bbox 333 1458 411 1543; x_wconf 83' lang='grc' dir='ltr'><em>πρός</em></span> <span class='ocrx_word' id='word_1_105' title='bbox 432 1460 469 1524; x_wconf 90' lang='grc' dir='ltr'><strong>τό</strong></span> <span class='ocrx_word' id='word_1_106' title='bbox 492 1457 694 1542; x_wconf 75' lang='grc' dir='ltr'><em>πανταχόθεν</em></span> <span class='ocrx_word' id='word_1_107' title='bbox 713 1460 912 1541; x_wconf 73' lang='grc' dir='ltr'><em>περιτρέχειν</em></span> <span class='ocrx_word' id='word_1_108' title='bbox 930 1457 985 1540; x_wconf 75' lang='grc' dir='ltr'><strong>τῆς</strong></span> <span class='ocrx_word' id='word_1_109' title='bbox 1006 1451 1211 1549; x_wconf 31' lang='grc' dir='ltr'><em>πόλεωςικαί</em></span> <span class='ocrx_word' id='word_1_110' title='bbox 1231 1449 1370 1535; x_wconf 79' lang='grc' dir='ltr'><em>λαμβά-</em></span> 
     </span>
     <span class='ocr_line' id='line_1_14' title="bbox 259 1549 1475 1643; baseline -0.008 -14"><span class='ocrx_word' id='word_1_111' title='bbox 259 1587 326 1629; x_wconf 88' lang='grc' dir='ltr'><em>νειν</em></span> <span class='ocrx_word' id='word_1_112' title='bbox 347 1565 400 1626; x_wconf 85' lang='grc' dir='ltr'><strong>καί</strong></span> <span class='ocrx_word' id='word_1_113' title='bbox 422 1554 509 1626; x_wconf 72' lang='grc' dir='ltr'><em>οὗτοι</em></span> <span class='ocrx_word' id='word_1_114' title='bbox 540 1562 714 1643; x_wconf 82' lang='grc' dir='ltr'><em>α’πίκαμον,</em></span> <span class='ocrx_word' id='word_1_115' title='bbox 741 1552 801 1622; x_wconf 79' lang='grc' dir='ltr'><strong>κόν</strong></span> <span class='ocrx_word' id='word_1_116' title='bbox 824 1554 990 1642; x_wconf 75' lang='grc' dir='ltr'><em>ἐπικερδὴς</em></span> <span class='ocrx_word' id='word_1_117' title='bbox 1013 1549 1052 1640; x_wconf 74' lang='grc' dir='ltr'><strong>ἦν</strong></span> <span class='ocrx_word' id='word_1_118' title='bbox 1074 1554 1094 1637; x_wconf 80' lang='grc' dir='ltr'><strong><em>ἡ</em></strong></span> <span class='ocrx_word' id='word_1_119' title='bbox 1117 1556 1205 1620; x_wconf 87' lang='grc' dir='ltr'><em>αι’τία</em></span> <span class='ocrx_word' id='word_1_120' title='bbox 1228 1555 1283 1636; x_wconf 77' lang='grc' dir='ltr'><strong>τῆς</strong></span> <span class='ocrx_word' id='word_1_121' title='bbox 1304 1554 1367 1620; x_wconf 78' lang='grc' dir='ltr'><em>διαὶ</em></span> <span class='ocrx_word' id='word_1_122' title='bbox 1474 1549 1475 1554; x_wconf 50' lang='grc'>’</span> 
     </span>
     <span class='ocr_line' id='line_1_15' title="bbox 259 1653 1370 1749; baseline -0.006 -21"><span class='ocrx_word' id='word_1_123' title='bbox 259 1662 384 1728; x_wconf 80' lang='grc' dir='ltr'><em>πιόντων</em></span> <span class='ocrx_word' id='word_1_124' title='bbox 406 1659 654 1749; x_wconf 77' lang='grc' dir='ltr'><em>ἑπιφοιτὴσεως·</em></span> <span class='ocrx_word' id='word_1_125' title='bbox 698 1661 718 1744; x_wconf 82' lang='grc' dir='ltr'><em>ἦ</em></span> <span class='ocrx_word' id='word_1_126' title='bbox 740 1658 800 1744; x_wconf 84' lang='grc' dir='ltr'><strong>γύρ</strong></span> <span class='ocrx_word' id='word_1_127' title='bbox 826 1653 963 1742; x_wconf 87' lang='grc' dir='ltr'><em>ύμετρία</em></span> <span class='ocrx_word' id='word_1_128' title='bbox 978 1659 1041 1722; x_wconf 84' lang='grc' dir='ltr'><em>τιόν</em></span> <span class='ocrx_word' id='word_1_129' title='bbox 1057 1657 1167 1720; x_wconf 87' lang='grc' dir='ltr'><em>πόνων</em></span> <span class='ocrx_word' id='word_1_130' title='bbox 1182 1657 1286 1720; x_wconf 87' lang='grc' dir='ltr'><em>πείθει</em></span> <span class='ocrx_word' id='word_1_131' title='bbox 1306 1658 1370 1721; x_wconf 80' lang='grc' dir='ltr'><em>κατ’</em></span> 
     </span>
     <span class='ocr_line' id='line_1_16' title="bbox 260 1755 1476 1851; baseline -0.007 -23"><span class='ocrx_word' id='word_1_132' title='bbox 260 1768 391 1851; x_wconf 76' lang='grc' dir='ltr'><em>κέρδους</em></span> <span class='ocrx_word' id='word_1_133' title='bbox 413 1764 487 1840; x_wconf 87' lang='grc' dir='ltr'><em>τούς</em></span> <span class='ocrx_word' id='word_1_134' title='bbox 511 1755 596 1827; x_wconf 84' lang='grc' dir='ltr'><em>ούτω</em></span> <span class='ocrx_word' id='word_1_135' title='bbox 617 1761 811 1846; x_wconf 76' lang='grc' dir='ltr'><em>κεκμηκότας</em></span> <span class='ocrx_word' id='word_1_136' title='bbox 834 1765 1048 1844; x_wconf 82' lang='grc' dir='ltr'><em>περιφρονεῖν.</em></span> <span class='ocrx_word' id='word_1_137' title='bbox 1382 1769 1417 1821; x_wconf 85' lang='grc'><strong>15</strong></span> <span class='ocrx_word' id='word_1_138' title='bbox 1475 1784 1476 1818; x_wconf 79' lang='grc' dir='ltr'><em>ι</em></span> 
     </span>
     <span class='ocr_line' id='line_1_17' title="bbox 356 1857 1476 1949; baseline -0.008 -16"><span class='ocrx_word' id='word_1_139' title='bbox 356 1867 441 1933; x_wconf 81' lang='grc' dir='ltr'><em>Ἀλλ’</em></span> <span class='ocrx_word' id='word_1_140' title='bbox 460 1865 515 1930; x_wconf 84' lang='grc' dir='ltr'><em>ε’πί</em></span> <span class='ocrx_word' id='word_1_141' title='bbox 532 1867 592 1946; x_wconf 80' lang='grc' dir='ltr'><strong>μὲν</strong></span> <span class='ocrx_word' id='word_1_142' title='bbox 623 1866 687 1928; x_wconf 84' lang='grc' dir='ltr'><em>τιόν</em></span> <span class='ocrx_word' id='word_1_143' title='bbox 716 1865 854 1927; x_wconf 84' lang='grc' dir='ltr'><em>πολιτιόν</em></span> <span class='ocrx_word' id='word_1_144' title='bbox 887 1863 943 1925; x_wconf 85' lang='grc' dir='ltr'>καί</span> <span class='ocrx_word' id='word_1_145' title='bbox 971 1863 1034 1924; x_wconf 82' lang='grc' dir='ltr'><em>τεόν</em></span> <span class='ocrx_word' id='word_1_146' title='bbox 1057 1857 1117 1925; x_wconf 88' lang='grc' dir='ltr'><strong>σύν</strong></span> <span class='ocrx_word' id='word_1_147' title='bbox 1137 1861 1225 1947; x_wconf 69' lang='grc' dir='ltr'><em>αύτῷ</em></span> <span class='ocrx_word' id='word_1_148' title='bbox 1246 1860 1303 1926; x_wconf 80' lang='grc' dir='ltr'><strong>κόν</strong></span> <span class='ocrx_word' id='word_1_149' title='bbox 1324 1864 1372 1949; x_wconf 81' lang='grc' dir='ltr'><strong>τῇ</strong></span> <span class='ocrx_word' id='word_1_150' title='bbox 1475 1889 1476 1948; x_wconf 67' lang='lat'>3</span> 
     </span>
     <span class='ocr_line' id='line_1_18' title="bbox 258 1959 1476 2054; baseline -0.007 -20"><span class='ocrx_word' id='word_1_151' title='bbox 258 1967 473 2054; x_wconf 75' lang='grc' dir='ltr'><em>βασιλευούσῃ</em></span> <span class='ocrx_word' id='word_1_152' title='bbox 495 1962 701 2050; x_wconf 83' lang='grc' dir='ltr'><em>προόπόντων</em></span> <span class='ocrx_word' id='word_1_153' title='bbox 728 1966 932 2046; x_wconf 72' lang='grc' dir='ltr'><em>στρατιωτικόν</em></span> <span class='ocrx_word' id='word_1_154' title='bbox 954 1959 994 2027; x_wconf 82' lang='grc' dir='ltr'><strong>τό</strong></span> <span class='ocrx_word' id='word_1_155' title='bbox 1023 1964 1156 2027; x_wconf 79' lang='grc' dir='ltr'><em>τοιαῦτα</em></span> <span class='ocrx_word' id='word_1_156' title='bbox 1176 1966 1373 2048; x_wconf 74' lang='grc' dir='ltr'><em>ἐτερατουρ-</em></span> <span class='ocrx_word' id='word_1_157' title='bbox 1475 1967 1476 1972; x_wconf 73' lang='grc'>’</span> 
     </span>
     <span class='ocr_line' id='line_1_19' title="bbox 260 2053 1373 2153; baseline -0.005 -20"><span class='ocrx_word' id='word_1_158' title='bbox 260 2071 370 2153; x_wconf 84' lang='grc' dir='ltr'><em>γούντο</em></span> <span class='ocrx_word' id='word_1_159' title='bbox 391 2069 446 2130; x_wconf 84' lang='grc' dir='ltr'><strong>καί</strong></span> <span class='ocrx_word' id='word_1_160' title='bbox 466 2061 661 2149; x_wconf 81' lang='grc' dir='ltr'><em>ξενοτρόπως</em></span> <span class='ocrx_word' id='word_1_161' title='bbox 684 2061 883 2148; x_wconf 80' lang='grc' dir='ltr'><em>ἑπρύττοντο,</em></span> <span class='ocrx_word' id='word_1_162' title='bbox 904 2061 957 2126; x_wconf 84' lang='grc' dir='ltr'><em>ε’πί</em></span> <span class='ocrx_word' id='word_1_163' title='bbox 986 2063 1021 2126; x_wconf 78' lang='grc' dir='ltr'><strong>δὲ</strong></span> <span class='ocrx_word' id='word_1_164' title='bbox 1042 2053 1097 2145; x_wconf 77' lang='grc' dir='ltr'><strong>τῆς</strong></span> <span class='ocrx_word' id='word_1_165' title='bbox 1120 2060 1249 2147; x_wconf 78' lang='grc' dir='ltr'><em>ἒθνικῆς</em></span> <span class='ocrx_word' id='word_1_166' title='bbox 1268 2063 1373 2148; x_wconf 87' lang='grc' dir='ltr'><em>μερί-</em></span> 
     </span>
     <span class='ocr_line' id='line_1_20' title="bbox 261 2157 1373 2252; baseline -0.002 -20"><span class='ocrx_word' id='word_1_167' title='bbox 261 2171 316 2244; x_wconf 85' lang='grc' dir='ltr'><strong>δος</strong></span> <span class='ocrx_word' id='word_1_168' title='bbox 336 2167 463 2252; x_wconf 65' lang='lat' dir='ltr'><strong>derepto</strong></span> <span class='ocrx_word' id='word_1_169' title='bbox 476 2164 519 2231; x_wconf 84' lang='grc' dir='ltr'><strong>τό</strong></span> <span class='ocrx_word' id='word_1_170' title='bbox 542 2166 808 2251; x_wconf 77' lang='grc' dir='ltr'><em>κατορθούμενον.</em></span> <span class='ocrx_word' id='word_1_171' title='bbox 851 2165 889 2228; x_wconf 81' lang='grc' dir='ltr'><strong>ού</strong></span> <span class='ocrx_word' id='word_1_172' title='bbox 911 2169 970 2246; x_wconf 83' lang='grc' dir='ltr'><strong>μὲν</strong></span> <span class='ocrx_word' id='word_1_173' title='bbox 992 2157 1058 2245; x_wconf 82' lang='grc' dir='ltr'><em>σόν,</em></span> <span class='ocrx_word' id='word_1_174' title='bbox 1080 2165 1150 2229; x_wconf 74' lang='grc' dir='ltr'><em>αλλ’</em></span> <span class='ocrx_word' id='word_1_175' title='bbox 1171 2168 1219 2229; x_wconf 72' lang='grc' dir='ltr'><strong>ἐπ’</strong></span> <span class='ocrx_word' id='word_1_176' title='bbox 1239 2161 1373 2230; x_wconf 78' lang='grc' dir='ltr'><em>ἐκείνων</em></span> 
     </span>
     <span class='ocr_line' id='line_1_21' title="bbox 261 2261 1419 2352; baseline -0.004 -19"><span class='ocrx_word' id='word_1_177' title='bbox 261 2270 382 2351; x_wconf 77' lang='grc' dir='ltr'><em>μᾶλλον</em></span> <span class='ocrx_word' id='word_1_178' title='bbox 404 2265 444 2331; x_wconf 83' lang='grc' dir='ltr'><strong>τό</strong></span> <span class='ocrx_word' id='word_1_179' title='bbox 468 2272 606 2352; x_wconf 79' lang='grc' dir='ltr'><em>βραβεῖα</em></span> <span class='ocrx_word' id='word_1_180' title='bbox 629 2268 913 2349; x_wconf 83' lang='grc' dir='ltr'><em>προσεπετείνοντο.</em></span> <span class='ocrx_word' id='word_1_181' title='bbox 959 2263 988 2330; x_wconf 79' lang='grc' dir='ltr'><strong>οἱ</strong></span> <span class='ocrx_word' id='word_1_182' title='bbox 1004 2263 1065 2350; x_wconf 85' lang='grc' dir='ltr'><strong>γύρ</strong></span> <span class='ocrx_word' id='word_1_183' title='bbox 1087 2261 1419 2347; x_wconf 65' lang='grc' dir='ltr'><em>Κοοτουλμούσιοιμθ</em></span> 
     </span>
     <span class='ocr_line' id='line_1_22' title="bbox 265 2362 1372 2455; baseline -0.006 -20"><span class='ocrx_word' id='word_1_184' title='bbox 265 2369 404 2453; x_wconf 82' lang='grc' dir='ltr'><em>Τοῦρκοι</em></span> <span class='ocrx_word' id='word_1_185' title='bbox 423 2365 505 2453; x_wconf 74' lang='grc' dir='ltr'><em>μετὰ</em></span> <span class='ocrx_word' id='word_1_186' title='bbox 528 2368 669 2455; x_wconf 73' lang='grc' dir='ltr'><em>πλήθους</em></span> <span class='ocrx_word' id='word_1_187' title='bbox 693 2367 848 2433; x_wconf 80' lang='grc' dir='ltr'><em>Οιῖννικοό</em></span> <span class='ocrx_word' id='word_1_188' title='bbox 866 2370 900 2433; x_wconf 80' lang='grc' dir='ltr'><strong>ἐν</strong></span> <span class='ocrx_word' id='word_1_189' title='bbox 924 2363 1127 2451; x_wconf 82' lang='grc' dir='ltr'><em>Χρυσοπόλει</em></span> <span class='ocrx_word' id='word_1_190' title='bbox 1149 2362 1372 2451; x_wconf 77' lang='grc' dir='ltr'><em>κατασκηνού-</em></span> 
     </span>
     <span class='ocr_line' id='line_1_23' title="bbox 259 2464 1477 2554; baseline -0.008 -19"><span class='ocrx_word' id='word_1_191' title='bbox 259 2489 350 2551; x_wconf 84' lang='grc' dir='ltr'><em>μενοι</em></span> <span class='ocrx_word' id='word_1_192' title='bbox 371 2467 525 2535; x_wconf 88' lang='grc' dir='ltr'><em>πλειόνων</em></span> <span class='ocrx_word' id='word_1_193' title='bbox 545 2469 694 2553; x_wconf 87' lang='grc' dir='ltr'><em>α’γιιθοόν,</em></span> <span class='ocrx_word' id='word_1_194' title='bbox 716 2464 760 2544; x_wconf 83' lang='grc' dir='ltr'><strong>τός</strong></span> <span class='ocrx_word' id='word_1_195' title='bbox 784 2466 841 2551; x_wconf 78' lang='grc' dir='ltr'><strong>τήν</strong></span> <span class='ocrx_word' id='word_1_196' title='bbox 861 2466 1009 2554; x_wconf 72' lang='grc' dir='ltr'><em>δουλικὴν</em></span> <span class='ocrx_word' id='word_1_197' title='bbox 1036 2467 1169 2551; x_wconf 72' lang='grc' dir='ltr'><em>στοργόν</em></span> <span class='ocrx_word' id='word_1_198' title='bbox 1184 2464 1240 2533; x_wconf 88' lang='grc' dir='ltr'><strong>καί</strong></span> <span class='ocrx_word' id='word_1_199' title='bbox 1259 2470 1372 2531; x_wconf 87' lang='grc' dir='ltr'><em>πίστιν</em></span> <span class='ocrx_word' id='word_1_200' title='bbox 1476 2504 1477 2525; x_wconf 54' lang='lat' dir='ltr'><strong>r</strong></span> 
     </span>
     <span class='ocr_line' id='line_1_24' title="bbox 261 2565 1373 2659; baseline -0.004 -23"><span class='ocrx_word' id='word_1_201' title='bbox 261 2574 430 2657; x_wconf 78' lang='grc' dir='ltr'><em>τηροῦντες</em></span> <span class='ocrx_word' id='word_1_202' title='bbox 465 2574 511 2659; x_wconf 74' lang='grc' dir='ltr'><strong>τῷ</strong></span> <span class='ocrx_word' id='word_1_203' title='bbox 529 2574 672 2652; x_wconf 73' lang='grc' dir='ltr'><em>βασιλεῖ,</em></span> <span class='ocrx_word' id='word_1_204' title='bbox 693 2571 937 2657; x_wconf 76' lang='grc' dir='ltr'><em>παραπὴλιιοον.</em></span> <span class='ocrx_word' id='word_1_205' title='bbox 990 2571 1045 2634; x_wconf 86' lang='grc' dir='ltr'><strong>καί</strong></span> <span class='ocrx_word' id='word_1_206' title='bbox 1065 2566 1095 2633; x_wconf 84' lang='grc' dir='ltr'><strong>οὶ</strong></span> <span class='ocrx_word' id='word_1_207' title='bbox 1116 2565 1373 2653; x_wconf 83' lang='grc' dir='ltr'><em>προεξύρχοντες</em></span> 
     </span>
    </p>
   </div>
   <div class='ocr_carea' id='block_1_3' title="bbox 158 2866 1425 3725">
    <p class='ocr_par' dir='ltr' id='par_1_3' title="bbox 238 2866 1371 2937">
     <span class='ocr_line' id='line_1_25' title="bbox 238 2866 1371 2937; baseline 0 -16"><span class='ocrx_word' id='word_1_208' title='bbox 238 2913 241 2921; x_wconf 92' lang='grc'><em>,</em></span> <span class='ocrx_word' id='word_1_209' title='bbox 264 2867 345 2919; x_wconf 84' lang='lat' dir='ltr'><strong>tectis</strong></span> <span class='ocrx_word' id='word_1_210' title='bbox 364 2866 466 2918; x_wconf 87' lang='lat' dir='ltr'><strong>riarum</strong></span> <span class='ocrx_word' id='word_1_211' title='bbox 493 2866 677 2934; x_wconf 88' lang='lat' dir='ltr'><strong>publicarum,</strong></span> <span class='ocrx_word' id='word_1_212' title='bbox 702 2883 772 2936; x_wconf 87' lang='lat' dir='ltr'><strong>quae</strong></span> <span class='ocrx_word' id='word_1_213' title='bbox 799 2866 905 2937; x_wconf 86' lang='lat' dir='ltr'><strong>quidem</strong></span> <span class='ocrx_word' id='word_1_214' title='bbox 924 2868 1042 2934; x_wconf 87' lang='lat' dir='ltr'><strong>porticus</strong></span> <span class='ocrx_word' id='word_1_215' title='bbox 1060 2869 1202 2934; x_wconf 85' lang='lat' dir='ltr'><strong>dicuntur,</strong></span> <span class='ocrx_word' id='word_1_216' title='bbox 1223 2874 1371 2921; x_wconf 86' lang='lat' dir='ltr'><strong>versantur</strong></span> 
     </span>
    </p>

    <p class='ocr_par' dir='ltr' id='par_1_4' title="bbox 267 2937 1369 2995">
     <span class='ocr_line' id='line_1_26' title="bbox 267 2937 1369 2995; baseline -0.002 -5"><span class='ocrx_word' id='word_1_217' title='bbox 267 2945 296 2990; x_wconf 91' lang='lat' dir='ltr'><strong>et</strong></span> <span class='ocrx_word' id='word_1_218' title='bbox 316 2937 401 2990; x_wconf 87' lang='lat' dir='ltr'><strong>latent</strong></span> <span class='ocrx_word' id='word_1_219' title='bbox 420 2945 446 2990; x_wconf 89' lang='lat' dir='ltr'><strong>et</strong></span> <span class='ocrx_word' id='word_1_220' title='bbox 464 2937 645 2991; x_wconf 89' lang='lat' dir='ltr'><strong>accubitorum</strong></span> <span class='ocrx_word' id='word_1_221' title='bbox 659 2940 782 2992; x_wconf 86' lang='lat' dir='ltr'><strong>ordinem</strong></span> <span class='ocrx_word' id='word_1_222' title='bbox 791 2938 837 2992; x_wconf 80' lang='lat' dir='ltr'><strong>rel</strong></span> <span class='ocrx_word' id='word_1_223' title='bbox 856 2937 1021 2991; x_wconf 78' lang='lat' dir='ltr'><strong>adulatorum</strong></span> <span class='ocrx_word' id='word_1_224' title='bbox 1039 2940 1133 2992; x_wconf 87' lang='lat' dir='ltr'><strong>velut</strong></span> <span class='ocrx_word' id='word_1_225' title='bbox 1153 2941 1243 2995; x_wconf 80' lang='lat' dir='ltr'><strong>verius</strong></span> <span class='ocrx_word' id='word_1_226' title='bbox 1262 2948 1301 2993; x_wconf 89' lang='lat' dir='ltr'><strong>est</strong></span> <span class='ocrx_word' id='word_1_227' title='bbox 1320 2940 1369 2992; x_wconf 94' lang='lat' dir='ltr'><strong>di.</strong></span> 
     </span>
    </p>

    <p class='ocr_par' dir='ltr' id='par_1_5' title="bbox 269 3010 1370 3075">
     <span class='ocr_line' id='line_1_27' title="bbox 269 3010 1370 3075; baseline 0.002 -14"><span class='ocrx_word' id='word_1_228' title='bbox 269 3010 382 3061; x_wconf 85' lang='lat' dir='ltr'><strong>cendum</strong></span> <span class='ocrx_word' id='word_1_229' title='bbox 399 3010 605 3063; x_wconf 74' lang='lat' dir='ltr'><strong>mendicantium</strong></span> <span class='ocrx_word' id='word_1_230' title='bbox 626 3011 756 3075; x_wconf 77' lang='lat' dir='ltr'>obtinent,</span> <span class='ocrx_word' id='word_1_231' title='bbox 775 3011 895 3064; x_wconf 86' lang='lat' dir='ltr'><strong>solentes</strong></span> <span class='ocrx_word' id='word_1_232' title='bbox 914 3011 946 3063; x_wconf 91' lang='lat' dir='ltr'><strong>ad</strong></span> <span class='ocrx_word' id='word_1_233' title='bbox 958 3012 1056 3064; x_wconf 54' lang='lat' dir='ltr'><strong>*domus</strong></span> <span class='ocrx_word' id='word_1_234' title='bbox 1075 3012 1263 3064; x_wconf 80' lang='lat' dir='ltr'><strong>honoratorum</strong></span> <span class='ocrx_word' id='word_1_235' title='bbox 1282 3027 1370 3063; x_wconf 86' lang='lat' dir='ltr'><strong>acce.</strong></span> 
     </span>
    </p>

    <p class='ocr_par' dir='ltr' id='par_1_6' title="bbox 262 3080 1425 3222">
     <span class='ocr_line' id='line_1_28' title="bbox 264 3080 1371 3151; baseline -0.001 -17"><span class='ocrx_word' id='word_1_236' title='bbox 264 3082 328 3135; x_wconf 90' lang='lat' dir='ltr'><strong>dere</strong></span> <span class='ocrx_word' id='word_1_237' title='bbox 347 3088 375 3133; x_wconf 86' lang='lat' dir='ltr'><strong>et</strong></span> <span class='ocrx_word' id='word_1_238' title='bbox 394 3080 532 3145; x_wconf 82' lang='lat' dir='ltr'><strong>celebrare</strong></span> <span class='ocrx_word' id='word_1_239' title='bbox 556 3082 585 3133; x_wconf 89' lang='lat' dir='ltr'><strong>in</strong></span> <span class='ocrx_word' id='word_1_240' title='bbox 613 3083 698 3151; x_wconf 79' lang='lat' dir='ltr'><strong>gratia</strong></span> <span class='ocrx_word' id='word_1_241' title='bbox 715 3083 857 3151; x_wconf 84' lang='lat' dir='ltr'><strong>magnilica</strong></span> <span class='ocrx_word' id='word_1_242' title='bbox 876 3098 969 3151; x_wconf 81' lang='lat' dir='ltr'><strong>regum</strong></span> <span class='ocrx_word' id='word_1_243' title='bbox 998 3082 1165 3135; x_wconf 89' lang='lat' dir='ltr'><strong>clementiam</strong></span> <span class='ocrx_word' id='word_1_244' title='bbox 1191 3092 1218 3137; x_wconf 90' lang='lat' dir='ltr'><strong>et</strong></span> <span class='ocrx_word' id='word_1_245' title='bbox 1237 3084 1371 3135; x_wconf 88' lang='lat' dir='ltr'><strong>honorem</strong></span> 
     </span>
     <span class='ocr_line' id='line_1_29' title="bbox 262 3152 1425 3222; baseline 0.003 -18"><span class='ocrx_word' id='word_1_246' title='bbox 262 3152 396 3206; x_wconf 75' lang='lat' dir='ltr'><strong>illustrem</strong></span> <span class='ocrx_word' id='word_1_247' title='bbox 417 3162 444 3205; x_wconf 82' lang='lat' dir='ltr'><strong>et</strong></span> <span class='ocrx_word' id='word_1_248' title='bbox 462 3154 541 3206; x_wconf 79' lang='lat' dir='ltr'><strong>valde</strong></span> <span class='ocrx_word' id='word_1_249' title='bbox 552 3153 675 3219; x_wconf 71' lang='lat' dir='ltr'><strong>&#39;beatum</strong></span> <span class='ocrx_word' id='word_1_250' title='bbox 696 3162 723 3205; x_wconf 90' lang='lat' dir='ltr'><strong>et</strong></span> <span class='ocrx_word' id='word_1_251' title='bbox 741 3155 792 3222; x_wconf 86' lang='lat' dir='ltr'><strong>ipsi</strong></span> <span class='ocrx_word' id='word_1_252' title='bbox 813 3170 847 3205; x_wconf 85' lang='lat' dir='ltr'><strong>ex</strong></span> <span class='ocrx_word' id='word_1_253' title='bbox 864 3154 1025 3222; x_wconf 89' lang='lat' dir='ltr'><strong>pauperibus</strong></span> <span class='ocrx_word' id='word_1_254' title='bbox 1045 3155 1108 3206; x_wconf 87' lang='lat' dir='ltr'><strong>lacti</strong></span> <span class='ocrx_word' id='word_1_255' title='bbox 1130 3164 1192 3209; x_wconf 87' lang='lat' dir='ltr'><strong>sunt</strong></span> <span class='ocrx_word' id='word_1_256' title='bbox 1210 3156 1318 3219; x_wconf 84' lang='lat' dir='ltr'><strong>divites,</strong></span> <span class='ocrx_word' id='word_1_257' title='bbox 1340 3164 1371 3207; x_wconf 85' lang='lat' dir='ltr'><strong>et</strong></span> <span class='ocrx_word' id='word_1_258' title='bbox 1422 3190 1425 3199; x_wconf 73' lang='lat'><strong>,</strong></span> 
     </span>
    </p>

    <p class='ocr_par' dir='ltr' id='par_1_7' title="bbox 263 3223 1371 3295">
     <span class='ocr_line' id='line_1_30' title="bbox 263 3223 1371 3295; baseline 0.003 -21"><span class='ocrx_word' id='word_1_259' title='bbox 263 3223 401 3292; x_wconf 78' lang='lat' dir='ltr'><strong>pollenter</strong></span> <span class='ocrx_word' id='word_1_260' title='bbox 428 3240 462 3276; x_wconf 88' lang='lat' dir='ltr'><strong>ex</strong></span> <span class='ocrx_word' id='word_1_261' title='bbox 487 3226 581 3295; x_wconf 81' lang='lat' dir='ltr'><strong>egenis</strong></span> <span class='ocrx_word' id='word_1_262' title='bbox 607 3226 785 3276; x_wconf 81' lang='lat' dir='ltr'><strong>continuitate</strong></span> <span class='ocrx_word' id='word_1_263' title='bbox 811 3234 838 3278; x_wconf 88' lang='lat' dir='ltr'><strong>et</strong></span> <span class='ocrx_word' id='word_1_264' title='bbox 860 3240 956 3295; x_wconf 81' lang='lat' dir='ltr'><strong>magno</strong></span> <span class='ocrx_word' id='word_1_265' title='bbox 984 3242 1095 3278; x_wconf 89' lang='lat' dir='ltr'><strong>numero</strong></span> <span class='ocrx_word' id='word_1_266' title='bbox 1117 3227 1305 3278; x_wconf 87' lang='lat' dir='ltr'><strong>honoratorum</strong></span> <span class='ocrx_word' id='word_1_267' title='bbox 1325 3235 1371 3279; x_wconf 86' lang='lat' dir='ltr'><strong>sat</strong></span> 
     </span>
    </p>

    <p class='ocr_par' dir='ltr' id='par_1_8' title="bbox 183 3296 1370 3364">
     <span class='ocr_line' id='line_1_31' title="bbox 183 3296 1370 3364; baseline 0.002 -17"><span class='ocrx_word' id='word_1_268' title='bbox 183 3314 188 3319; x_wconf 90' lang='lat'><em>·</em></span> <span class='ocrx_word' id='word_1_269' title='bbox 263 3310 385 3364; x_wconf 74' lang='lat' dir='ltr'><strong>magnam</strong></span> <span class='ocrx_word' id='word_1_270' title='bbox 404 3297 524 3363; x_wconf 88' lang='lat' dir='ltr'><strong>quotidie</strong></span> <span class='ocrx_word' id='word_1_271' title='bbox 543 3298 675 3364; x_wconf 87' lang='lat' dir='ltr'><strong>pecuniae</strong></span> <span class='ocrx_word' id='word_1_272' title='bbox 694 3299 798 3363; x_wconf 87' lang='lat' dir='ltr'><strong>copiam</strong></span> <span class='ocrx_word' id='word_1_273' title='bbox 816 3297 849 3349; x_wconf 89' lang='lat' dir='ltr'><strong>ab</strong></span> <span class='ocrx_word' id='word_1_274' title='bbox 868 3296 910 3349; x_wconf 86' lang='lat' dir='ltr'><strong>his</strong></span> <span class='ocrx_word' id='word_1_275' title='bbox 930 3298 1057 3350; x_wconf 80' lang='lat' dir='ltr'><strong>ferentes.</strong></span> <span class='ocrx_word' id='word_1_276' title='bbox 1078 3298 1107 3349; x_wconf 87' lang='lat' dir='ltr'><strong>lit</strong></span> <span class='ocrx_word' id='word_1_277' title='bbox 1127 3300 1195 3351; x_wconf 88' lang='lat' dir='ltr'><strong>enim</strong></span> <span class='ocrx_word' id='word_1_278' title='bbox 1214 3300 1310 3350; x_wconf 90' lang='lat' dir='ltr'><strong>donum</strong></span> <span class='ocrx_word' id='word_1_279' title='bbox 1332 3298 1370 3349; x_wconf 88' lang='lat' dir='ltr'><strong>ab</strong></span> 
     </span>
    </p>

    <p class='ocr_par' dir='ltr' id='par_1_9' title="bbox 263 3366 1371 3437">
     <span class='ocr_line' id='line_1_32' title="bbox 263 3366 1371 3437; baseline 0.001 -19"><span class='ocrx_word' id='word_1_280' title='bbox 263 3367 387 3420; x_wconf 88' lang='lat' dir='ltr'><strong>omnibus</strong></span> <span class='ocrx_word' id='word_1_281' title='bbox 404 3366 491 3421; x_wconf 87' lang='lat' dir='ltr'><strong>beatis</strong></span> <span class='ocrx_word' id='word_1_282' title='bbox 510 3369 586 3436; x_wconf 90' lang='lat' dir='ltr'><strong>quasi</strong></span> <span class='ocrx_word' id='word_1_283' title='bbox 607 3384 639 3420; x_wconf 90' lang='lat' dir='ltr'><strong>ex</strong></span> <span class='ocrx_word' id='word_1_284' title='bbox 660 3368 805 3435; x_wconf 76' lang='lat' dir='ltr'><strong>symbolis,</strong></span> <span class='ocrx_word' id='word_1_285' title='bbox 831 3384 907 3437; x_wconf 88' lang='lat' dir='ltr'><strong>quam</strong></span> <span class='ocrx_word' id='word_1_286' title='bbox 928 3370 1007 3420; x_wconf 91' lang='lat' dir='ltr'><strong>etiam</strong></span> <span class='ocrx_word' id='word_1_287' title='bbox 1028 3371 1246 3423; x_wconf 87' lang='lat' dir='ltr'><strong>cousuetudinem</strong></span> <span class='ocrx_word' id='word_1_288' title='bbox 1265 3368 1371 3423; x_wconf 86' lang='lat' dir='ltr'><strong>Ghristi</strong></span> 
     </span>
    </p>

    <p class='ocr_par' dir='ltr' id='par_1_10' title="bbox 266 3438 1371 3509">
     <span class='ocr_line' id='line_1_33' title="bbox 266 3438 1371 3509; baseline -0.001 -20"><span class='ocrx_word' id='word_1_289' title='bbox 266 3438 448 3509; x_wconf 75' lang='lat' dir='ltr'><strong>elegantiores</strong></span> <span class='ocrx_word' id='word_1_290' title='bbox 467 3441 567 3492; x_wconf 88' lang='lat' dir='ltr'><strong>dicunt.</strong></span> <span class='ocrx_word' id='word_1_291' title='bbox 588 3441 751 3507; x_wconf 87' lang='lat' dir='ltr'><strong>procedente</strong></span> <span class='ocrx_word' id='word_1_292' title='bbox 769 3450 857 3492; x_wconf 90' lang='lat' dir='ltr'><strong>antem</strong></span> <span class='ocrx_word' id='word_1_293' title='bbox 871 3440 1060 3492; x_wconf 87' lang='lat' dir='ltr'><strong>beneficientia</strong></span> <span class='ocrx_word' id='word_1_294' title='bbox 1069 3442 1101 3493; x_wconf 89' lang='lat' dir='ltr'><strong>ad</strong></span> <span class='ocrx_word' id='word_1_295' title='bbox 1112 3442 1265 3495; x_wconf 89' lang='lat' dir='ltr'><strong>immensum</strong></span> <span class='ocrx_word' id='word_1_296' title='bbox 1284 3456 1371 3492; x_wconf 89' lang='lat' dir='ltr'><strong>acer.</strong></span> 
     </span>
    </p>

    <p class='ocr_par' dir='ltr' id='par_1_11' title="bbox 158 3511 1371 3579">
     <span class='ocr_line' id='line_1_34' title="bbox 158 3511 1371 3579; baseline 0 -19"><span class='ocrx_word' id='word_1_297' title='bbox 158 3519 169 3540; x_wconf 80' lang='lat'><em>⁰</em></span> <span class='ocrx_word' id='word_1_298' title='bbox 267 3524 341 3576; x_wconf 83' lang='lat' dir='ltr'><strong>vum,</strong></span> <span class='ocrx_word' id='word_1_299' title='bbox 363 3512 440 3562; x_wconf 87' lang='lat' dir='ltr'><strong>etiam</strong></span> <span class='ocrx_word' id='word_1_300' title='bbox 460 3511 493 3563; x_wconf 93' lang='lat' dir='ltr'><strong>ad</strong></span> <span class='ocrx_word' id='word_1_301' title='bbox 512 3525 603 3564; x_wconf 88' lang='lat' dir='ltr'><strong>omnes</strong></span> <span class='ocrx_word' id='word_1_302' title='bbox 622 3519 711 3578; x_wconf 85' lang='lat' dir='ltr'><strong>partes</strong></span> <span class='ocrx_word' id='word_1_303' title='bbox 730 3512 811 3565; x_wconf 88' lang='lat' dir='ltr'><strong>urbes</strong></span> <span class='ocrx_word' id='word_1_304' title='bbox 833 3527 940 3565; x_wconf 87' lang='lat' dir='ltr'><strong>currere</strong></span> <span class='ocrx_word' id='word_1_305' title='bbox 967 3519 992 3563; x_wconf 91' lang='lat' dir='ltr'><strong>et</strong></span> <span class='ocrx_word' id='word_1_306' title='bbox 1011 3514 1135 3579; x_wconf 87' lang='lat' dir='ltr'><strong>accipere</strong></span> <span class='ocrx_word' id='word_1_307' title='bbox 1154 3513 1199 3566; x_wconf 79' lang='lat' dir='ltr'><strong>vel</strong></span> <span class='ocrx_word' id='word_1_308' title='bbox 1219 3512 1246 3564; x_wconf 95' lang='lat' dir='ltr'><strong>hi</strong></span> <span class='ocrx_word' id='word_1_309' title='bbox 1264 3512 1371 3564; x_wconf 83' lang='lat' dir='ltr'><strong>delati.</strong></span> 
     </span>
    </p>

    <p class='ocr_par' dir='ltr' id='par_1_12' title="bbox 178 3582 1371 3652">
     <span class='ocr_line' id='line_1_35' title="bbox 178 3582 1371 3652; baseline 0.002 -21"><span class='ocrx_word' id='word_1_310' title='bbox 178 3643 188 3650; x_wconf 43' lang='grc'><strong>,</strong></span> <span class='ocrx_word' id='word_1_311' title='bbox 265 3582 322 3649; x_wconf 79' lang='lat' dir='ltr'><strong>gati</strong></span> <span class='ocrx_word' id='word_1_312' title='bbox 341 3590 412 3647; x_wconf 86' lang='lat' dir='ltr'><strong>sunt,</strong></span> <span class='ocrx_word' id='word_1_313' title='bbox 431 3582 497 3634; x_wconf 87' lang='lat' dir='ltr'><strong>lieet</strong></span> <span class='ocrx_word' id='word_1_314' title='bbox 516 3582 618 3635; x_wconf 89' lang='lat' dir='ltr'><strong>lucrum</strong></span> <span class='ocrx_word' id='word_1_315' title='bbox 640 3582 752 3642; x_wconf 51' lang='lat' dir='ltr'><strong>afferret,</strong></span> <span class='ocrx_word' id='word_1_316' title='bbox 770 3599 849 3636; x_wconf 84' lang='lat' dir='ltr'><strong>eausa</strong></span> <span class='ocrx_word' id='word_1_317' title='bbox 868 3584 967 3652; x_wconf 90' lang='lat' dir='ltr'><strong>ubique</strong></span> <span class='ocrx_word' id='word_1_318' title='bbox 993 3584 1163 3637; x_wconf 88' lang='lat' dir='ltr'><strong>adveniendi.</strong></span> <span class='ocrx_word' id='word_1_319' title='bbox 1200 3584 1371 3639; x_wconf 83' lang='lat' dir='ltr'><strong>immoderati</strong></span> 
     </span>
    </p>

    <p class='ocr_par' dir='ltr' id='par_1_13' title="bbox 268 3652 1293 3725">
     <span class='ocr_line' id='line_1_36' title="bbox 268 3652 1293 3725; baseline 0.004 -22"><span class='ocrx_word' id='word_1_320' title='bbox 268 3654 339 3704; x_wconf 88' lang='lat' dir='ltr'><strong>enim</strong></span> <span class='ocrx_word' id='word_1_321' title='bbox 359 3652 466 3706; x_wconf 88' lang='lat' dir='ltr'><strong>labores</strong></span> <span class='ocrx_word' id='word_1_322' title='bbox 485 3653 618 3705; x_wconf 88' lang='lat' dir='ltr'><strong>adducunt</strong></span> <span class='ocrx_word' id='word_1_323' title='bbox 635 3654 675 3706; x_wconf 91' lang='lat' dir='ltr'><strong>sie</strong></span> <span class='ocrx_word' id='word_1_324' title='bbox 693 3654 865 3723; x_wconf 82' lang='lat' dir='ltr'><strong>defatigatos,</strong></span> <span class='ocrx_word' id='word_1_325' title='bbox 885 3664 914 3707; x_wconf 91' lang='lat' dir='ltr'><strong>ut</strong></span> <span class='ocrx_word' id='word_1_326' title='bbox 933 3656 1011 3707; x_wconf 88' lang='lat' dir='ltr'><strong>etiam</strong></span> <span class='ocrx_word' id='word_1_327' title='bbox 1023 3653 1126 3707; x_wconf 87' lang='lat' dir='ltr'><strong>lucrum</strong></span> <span class='ocrx_word' id='word_1_328' title='bbox 1144 3656 1293 3725; x_wconf 82' lang='lat' dir='ltr'><strong>negligant.</strong></span> 
     </span>
    </p>
   </div>
   <div class='ocr_carea' id='block_1_4' title="bbox 170 3739 1374 4171">
    <p class='ocr_par' dir='ltr' id='par_1_14' title="bbox 367 3739 1371 3813">
     <span class='ocr_line' id='line_1_37' title="bbox 367 3739 1371 3813; baseline 0.002 -21"><span class='ocrx_word' id='word_1_329' title='bbox 367 3739 420 3792; x_wconf 87' lang='lat' dir='ltr'><strong>Sed</strong></span> <span class='ocrx_word' id='word_1_330' title='bbox 439 3742 509 3791; x_wconf 91' lang='lat' dir='ltr'><strong>inter</strong></span> <span class='ocrx_word' id='word_1_331' title='bbox 537 3742 612 3794; x_wconf 82' lang='lat' dir='ltr'><strong>cives</strong></span> <span class='ocrx_word' id='word_1_332' title='bbox 632 3741 737 3808; x_wconf 89' lang='lat' dir='ltr'><strong>quidem</strong></span> <span class='ocrx_word' id='word_1_333' title='bbox 757 3750 784 3793; x_wconf 90' lang='lat' dir='ltr'><strong>et</strong></span> <span class='ocrx_word' id='word_1_334' title='bbox 801 3744 915 3809; x_wconf 87' lang='lat' dir='ltr'><strong>milites,</strong></span> <span class='ocrx_word' id='word_1_335' title='bbox 945 3746 990 3813; x_wconf 83' lang='lat' dir='ltr'><strong>qui</strong></span> <span class='ocrx_word' id='word_1_336' title='bbox 1010 3760 1068 3795; x_wconf 89' lang='lat' dir='ltr'><strong>cum</strong></span> <span class='ocrx_word' id='word_1_337' title='bbox 1088 3760 1120 3795; x_wconf 90' lang='lat' dir='ltr'><strong>eo</strong></span> <span class='ocrx_word' id='word_1_338' title='bbox 1140 3752 1167 3795; x_wconf 90' lang='lat' dir='ltr'><strong>et</strong></span> <span class='ocrx_word' id='word_1_339' title='bbox 1185 3746 1213 3797; x_wconf 89' lang='lat' dir='ltr'><strong>iu</strong></span> <span class='ocrx_word' id='word_1_340' title='bbox 1232 3745 1296 3798; x_wconf 89' lang='lat' dir='ltr'><strong>urbe</strong></span> <span class='ocrx_word' id='word_1_341' title='bbox 1316 3748 1371 3799; x_wconf 87' lang='lat' dir='ltr'><strong>ad.</strong></span> 
     </span>
    </p>

    <p class='ocr_par' dir='ltr' id='par_1_15' title="bbox 270 3811 1372 3886">
     <span class='ocr_line' id='line_1_38' title="bbox 270 3811 1372 3886; baseline 0.008 -25"><span class='ocrx_word' id='word_1_342' title='bbox 270 3817 369 3876; x_wconf 83' lang='lat' dir='ltr'><strong>esseut,</strong></span> <span class='ocrx_word' id='word_1_343' title='bbox 387 3811 453 3863; x_wconf 86' lang='lat' dir='ltr'><strong>talia</strong></span> <span class='ocrx_word' id='word_1_344' title='bbox 469 3813 537 3864; x_wconf 88' lang='lat' dir='ltr'><strong>mire</strong></span> <span class='ocrx_word' id='word_1_345' title='bbox 555 3811 653 3865; x_wconf 83' lang='lat' dir='ltr'><strong>flebant</strong></span> <span class='ocrx_word' id='word_1_346' title='bbox 680 3821 706 3863; x_wconf 88' lang='lat' dir='ltr'><strong>et</strong></span> <span class='ocrx_word' id='word_1_347' title='bbox 724 3813 894 3881; x_wconf 81' lang='lat' dir='ltr'><strong>hospitaliter</strong></span> <span class='ocrx_word' id='word_1_348' title='bbox 918 3816 1079 3885; x_wconf 79' lang='lat' dir='ltr'><strong>agebantur:</strong></span> <span class='ocrx_word' id='word_1_349' title='bbox 1110 3818 1138 3869; x_wconf 92' lang='lat' dir='ltr'><strong>in</strong></span> <span class='ocrx_word' id='word_1_350' title='bbox 1156 3830 1259 3886; x_wconf 78' lang='lat' dir='ltr'><strong>pagana</strong></span> <span class='ocrx_word' id='word_1_351' title='bbox 1277 3825 1372 3870; x_wconf 85' lang='lat' dir='ltr'><strong>autern</strong></span> 
     </span>
    </p>

    <p class='ocr_par' dir='ltr' id='par_1_16' title="bbox 237 3883 1374 4101">
     <span class='ocr_line' id='line_1_39' title="bbox 237 3883 1373 3955; baseline 0.003 -21"><span class='ocrx_word' id='word_1_352' title='bbox 237 3918 241 3927; x_wconf 77' lang='lat'><em>·</em></span> <span class='ocrx_word' id='word_1_353' title='bbox 267 3890 344 3949; x_wconf 86' lang='lat' dir='ltr'><strong>parte</strong></span> <span class='ocrx_word' id='word_1_354' title='bbox 363 3883 515 3935; x_wconf 87' lang='lat' dir='ltr'><strong>tardabatur</strong></span> <span class='ocrx_word' id='word_1_355' title='bbox 532 3883 701 3937; x_wconf 82' lang='lat' dir='ltr'><strong>heneficium.</strong></span> <span class='ocrx_word' id='word_1_356' title='bbox 739 3886 786 3937; x_wconf 89' lang='lat' dir='ltr'><strong>sed</strong></span> <span class='ocrx_word' id='word_1_357' title='bbox 809 3887 837 3937; x_wconf 91' lang='lat' dir='ltr'><strong>in</strong></span> <span class='ocrx_word' id='word_1_358' title='bbox 855 3886 918 3940; x_wconf 88' lang='lat' dir='ltr'><strong>illos</strong></span> <span class='ocrx_word' id='word_1_359' title='bbox 937 3889 1021 3955; x_wconf 75' lang='lat' dir='ltr'><strong>magis</strong></span> <span class='ocrx_word' id='word_1_360' title='bbox 1045 3889 1163 3955; x_wconf 89' lang='lat' dir='ltr'><strong>praemia</strong></span> <span class='ocrx_word' id='word_1_361' title='bbox 1184 3887 1373 3941; x_wconf 79' lang='lat' dir='ltr'><strong>extendeban-</strong></span> 
     </span>
     <span class='ocr_line' id='line_1_40' title="bbox 264 3953 1373 4027; baseline 0.001 -19"><span class='ocrx_word' id='word_1_362' title='bbox 264 3960 318 4008; x_wconf 82' lang='lat' dir='ltr'><strong>tur.</strong></span> <span class='ocrx_word' id='word_1_363' title='bbox 357 3953 514 4008; x_wconf 85' lang='lat' dir='ltr'><strong>Gntnlmusii</strong></span> <span class='ocrx_word' id='word_1_364' title='bbox 535 3956 604 4007; x_wconf 87' lang='lat' dir='ltr'><strong>enim</strong></span> <span class='ocrx_word' id='word_1_365' title='bbox 614 3956 722 4008; x_wconf 76' lang='lat' dir='ltr'><strong>&#39;luteae&#39;</strong></span> <span class='ocrx_word' id='word_1_366' title='bbox 734 3973 794 4008; x_wconf 89' lang='lat' dir='ltr'><strong>eum</strong></span> <span class='ocrx_word' id='word_1_367' title='bbox 803 3956 972 4023; x_wconf 85' lang='lat' dir='ltr'><strong>multitudiue</strong></span> <span class='ocrx_word' id='word_1_368' title='bbox 987 3959 1108 4011; x_wconf 86' lang='lat' dir='ltr'><strong>llunniea</strong></span> <span class='ocrx_word' id='word_1_369' title='bbox 1121 3958 1283 4027; x_wconf 74' lang='lat' dir='ltr'><strong>chrysopoli</strong></span> <span class='ocrx_word' id='word_1_370' title='bbox 1301 3976 1373 4013; x_wconf 84' lang='lat' dir='ltr'><strong>rer.</strong></span> 
     </span>
     <span class='ocr_line' id='line_1_41' title="bbox 265 4026 1374 4101; baseline 0.005 -24"><span class='ocrx_word' id='word_1_371' title='bbox 265 4034 356 4077; x_wconf 85' lang='lat' dir='ltr'><strong>santes</strong></span> <span class='ocrx_word' id='word_1_372' title='bbox 375 4026 453 4093; x_wconf 90' lang='lat' dir='ltr'><strong>plura</strong></span> <span class='ocrx_word' id='word_1_373' title='bbox 471 4026 542 4079; x_wconf 90' lang='lat' dir='ltr'><strong>bona</strong></span> <span class='ocrx_word' id='word_1_374' title='bbox 561 4036 590 4079; x_wconf 91' lang='lat' dir='ltr'><strong>nt</strong></span> <span class='ocrx_word' id='word_1_375' title='bbox 610 4028 740 4082; x_wconf 79' lang='lat' dir='ltr'><strong>servilem</strong></span> <span class='ocrx_word' id='word_1_376' title='bbox 759 4044 875 4081; x_wconf 84' lang='lat' dir='ltr'><strong>amorem</strong></span> <span class='ocrx_word' id='word_1_377' title='bbox 892 4038 918 4081; x_wconf 88' lang='lat' dir='ltr'><strong>et</strong></span> <span class='ocrx_word' id='word_1_378' title='bbox 935 4030 1012 4083; x_wconf 82' lang='lat' dir='ltr'><strong>iidem</strong></span> <span class='ocrx_word' id='word_1_379' title='bbox 1025 4039 1193 4084; x_wconf 84' lang='lat' dir='ltr'><strong>servantesa</strong></span> <span class='ocrx_word' id='word_1_380' title='bbox 1211 4047 1277 4101; x_wconf 75' lang='lat' dir='ltr'><strong>rege</strong></span> <span class='ocrx_word' id='word_1_381' title='bbox 1295 4034 1374 4085; x_wconf 85' lang='lat' dir='ltr'><strong>nacti</strong></span> 
     </span>
    </p>

    <p class='ocr_par' dir='ltr' id='par_1_17' title="bbox 170 4099 1373 4171">
     <span class='ocr_line' id='line_1_42' title="bbox 170 4099 1373 4171; baseline 0.004 -18"><span class='ocrx_word' id='word_1_382' title='bbox 170 4115 172 4118; x_wconf 90' lang='lat'>·</span> <span class='ocrx_word' id='word_1_383' title='bbox 264 4104 327 4155; x_wconf 83' lang='lat' dir='ltr'><strong>tunt</strong></span> <span class='ocrx_word' id='word_1_384' title='bbox 346 4105 373 4150; x_wconf 88' lang='lat' dir='ltr'><strong>et</strong></span> <span class='ocrx_word' id='word_1_385' title='bbox 391 4099 526 4167; x_wconf 81' lang='lat' dir='ltr'><strong>principes</strong></span> <span class='ocrx_word' id='word_1_386' title='bbox 546 4100 681 4154; x_wconf 85' lang='lat' dir='ltr'><strong>exercitus</strong></span> <span class='ocrx_word' id='word_1_387' title='bbox 701 4114 794 4154; x_wconf 88' lang='lat' dir='ltr'><strong>eorum</strong></span> <span class='ocrx_word' id='word_1_388' title='bbox 815 4102 968 4171; x_wconf 88' lang='lat' dir='ltr'><strong>(amerades</strong></span> <span class='ocrx_word' id='word_1_389' title='bbox 995 4102 1066 4157; x_wconf 86' lang='lat' dir='ltr'><strong>solet</strong></span> <span class='ocrx_word' id='word_1_390' title='bbox 1086 4101 1136 4155; x_wconf 86' lang='lat' dir='ltr'><strong>hos</strong></span> <span class='ocrx_word' id='word_1_391' title='bbox 1157 4117 1256 4157; x_wconf 81' lang='lat' dir='ltr'><strong>vocare</strong></span> <span class='ocrx_word' id='word_1_392' title='bbox 1276 4111 1304 4157; x_wconf 88' lang='lat' dir='ltr'><strong>et</strong></span> <span class='ocrx_word' id='word_1_393' title='bbox 1321 4120 1373 4160; x_wconf 83' lang='lat' dir='ltr'><strong>se-</strong></span> 
     </span>
    </p>
   </div>
   <div class='ocr_carea' id='block_1_5' title="bbox 0 0 1500 4825">
    <p class='ocr_par' dir='ltr' id='par_1_18' title="bbox 0 0 1500 4825">
     <span class='ocr_line' id='line_1_43' title="bbox 0 0 1500 4825; baseline 0 0"><span class='ocrx_word' id='word_1_394' title='bbox 0 0 1500 4825; x_wconf 95' lang='lat' dir='ltr'><strong> </strong></span> 
     </span>
    </p>
   </div>
  </div>
 </body>
</html>
