<?xml version="1.0" encoding="UTF-8"?>
<!DOCTYPE html PUBLIC "-//W3C//DTD XHTML 1.0 Transitional//EN"
    "http://www.w3.org/TR/xhtml1/DTD/xhtml1-transitional.dtd">
<html xmlns="http://www.w3.org/1999/xhtml" xml:lang="en" lang="en">
 <head>
  <title>
</title>
<meta http-equiv="Content-Type" content="text/html;charset=utf-8" />
  <meta name='ocr-system' content='tesseract 3.04.00' />
  <meta name='ocr-capabilities' content='ocr_page ocr_carea ocr_par ocr_line ocrx_word'/>
</head>
<body>
  <div class='ocr_page' id='page_1' title='image "./corpusscriptoru41theogoog/corpusscriptoru41theogoog_0304.png"; bbox 0 0 2967 4825; ppageno 0'>
   <div class='ocr_carea' id='block_1_1' title="bbox 269 204 1127 336">
    <p class='ocr_par' dir='ltr' id='par_1_1' title="bbox 269 204 1127 336">
     <span class='ocr_line' id='line_1_1' title="bbox 269 204 1127 336; baseline -0.003 -51"><span class='ocrx_word' id='word_1_1' title='bbox 269 204 347 285; x_wconf 74' lang='lat' dir='ltr'><strong>aas</strong></span> <span class='ocrx_word' id='word_1_2' title='bbox 566 206 784 296; x_wconf 72' lang='lat' dir='ltr'><strong>urcnums</strong></span> <span class='ocrx_word' id='word_1_3' title='bbox 811 205 1071 336; x_wconf 69' lang='lat' dir='ltr'><strong>amincus</strong></span> <span class='ocrx_word' id='word_1_4' title='bbox 1123 250 1127 256; x_wconf 88' lang='lat'><em>-</em></span> 
     </span>
    </p>
   </div>
   <div class='ocr_carea' id='block_1_2' title="bbox 267 367 1382 562">
    <p class='ocr_par' dir='ltr' id='par_1_2' title="bbox 267 367 1382 562">
     <span class='ocr_line' id='line_1_2' title="bbox 268 367 1382 463; baseline -0.004 -21"><span class='ocrx_word' id='word_1_5' title='bbox 268 377 417 453; x_wconf 84' lang='grc' dir='ltr'><strong><em>ἀπονοόας</em></strong></span> <span class='ocrx_word' id='word_1_6' title='bbox 438 378 601 463; x_wconf 78' lang='grc' dir='ltr'><strong><em>σφαλῆναι</em></strong></span> <span class='ocrx_word' id='word_1_7' title='bbox 619 377 696 458; x_wconf 86' lang='grc' dir='ltr'><strong>περί</strong></span> <span class='ocrx_word' id='word_1_8' title='bbox 713 375 752 440; x_wconf 88' lang='grc' dir='ltr'><strong>τά</strong></span> <span class='ocrx_word' id='word_1_9' title='bbox 777 372 986 457; x_wconf 73' lang='grc' dir='ltr'><strong><em>καιριώτατα.</em></strong></span> <span class='ocrx_word' id='word_1_10' title='bbox 1037 367 1077 457; x_wconf 71' lang='grc' dir='ltr'><strong>ἢν</strong></span> <span class='ocrx_word' id='word_1_11' title='bbox 1101 376 1137 441; x_wconf 78' lang='grc' dir='ltr'><strong>δὲ</strong></span> <span class='ocrx_word' id='word_1_12' title='bbox 1160 373 1178 438; x_wconf 83' lang='lat' dir='ltr'><strong>d</strong></span> <span class='ocrx_word' id='word_1_13' title='bbox 1200 374 1382 459; x_wconf 78' lang='grc' dir='ltr'><strong><em>Βρυέννιος</em></strong></span> 
     </span>
     <span class='ocr_line' id='line_1_3' title="bbox 267 474 1381 562; baseline -0.004 -20"><span class='ocrx_word' id='word_1_14' title='bbox 267 481 384 553; x_wconf 71' lang='grc' dir='ltr'><strong><em>ἀκτῖνος</em></strong></span> <span class='ocrx_word' id='word_1_15' title='bbox 406 476 424 540; x_wconf 84' lang='grc' dir='ltr'><strong><em>ό</em></strong></span> <span class='ocrx_word' id='word_1_16' title='bbox 446 479 560 562; x_wconf 83' lang='grc' dir='ltr'><strong><em>φυσάκ</em></strong></span> <span class='ocrx_word' id='word_1_17' title='bbox 581 475 620 542; x_wconf 89' lang='grc' dir='ltr'><strong>τά</strong></span> <span class='ocrx_word' id='word_1_18' title='bbox 643 476 833 561; x_wconf 75' lang='grc' dir='ltr'><strong><em>μεγάλαυχα</em></strong></span> <span class='ocrx_word' id='word_1_19' title='bbox 855 476 910 541; x_wconf 78' lang='grc' dir='ltr'><strong><em>κατ’</em></strong></span> <span class='ocrx_word' id='word_1_20' title='bbox 931 478 1058 561; x_wconf 78' lang='grc' dir='ltr'><strong><em>κινῆσαι</em></strong></span> <span class='ocrx_word' id='word_1_21' title='bbox 1079 474 1136 558; x_wconf 79' lang='grc' dir='ltr'><strong><em>τη“·ν</em></strong></span> <span class='ocrx_word' id='word_1_22' title='bbox 1156 479 1216 558; x_wconf 79' lang='grc' dir='ltr'><strong>γῆν</strong></span> <span class='ocrx_word' id='word_1_23' title='bbox 1238 478 1293 540; x_wconf 82' lang='grc' dir='ltr'><strong><em>κατ’</em></strong></span> <span class='ocrx_word' id='word_1_24' title='bbox 1313 474 1381 557; x_wconf 82' lang='grc' dir='ltr'><strong>τήν</strong></span> 
     </span>
    </p>
   </div>
   <div class='ocr_carea' id='block_1_3' title="bbox 164 573 1381 660">
    <p class='ocr_par' dir='ltr' id='par_1_3' title="bbox 164 573 1381 660">
     <span class='ocr_line' id='line_1_4' title="bbox 164 573 1381 660; baseline -0.001 -20"><span class='ocrx_word' id='word_1_25' title='bbox 164 583 173 590; x_wconf 83' lang='grc'><strong>’</strong></span> <span class='ocrx_word' id='word_1_26' title='bbox 265 576 431 642; x_wconf 87' lang='grc' dir='ltr'><strong><em>θάλασσαν</em></strong></span> <span class='ocrx_word' id='word_1_27' title='bbox 464 576 616 650; x_wconf 77' lang='grc' dir='ltr'><strong><em>άπειλεόν.</em></strong></span> <span class='ocrx_word' id='word_1_28' title='bbox 645 587 651 596; x_wconf 88' lang='grc'><em>“</em></span> <span class='ocrx_word' id='word_1_29' title='bbox 676 577 787 659; x_wconf 80' lang='grc' dir='ltr'><strong><em>ἀμέλει</em></strong></span> <span class='ocrx_word' id='word_1_30' title='bbox 808 600 858 641; x_wconf 91' lang='grc' dir='ltr'><strong>τοι</strong></span> <span class='ocrx_word' id='word_1_31' title='bbox 894 577 950 641; x_wconf 83' lang='grc' dir='ltr'><strong>καό</strong></span> <span class='ocrx_word' id='word_1_32' title='bbox 983 577 1300 660; x_wconf 72' lang='grc' dir='ltr'><strong><em>καταστρατηγηθεὶς</em></strong></span> <span class='ocrx_word' id='word_1_33' title='bbox 1332 573 1381 660; x_wconf 70' lang='grc' dir='ltr'><strong>τῷ</strong></span> 
     </span>
    </p>
   </div>
   <div class='ocr_carea' id='block_1_4' title="bbox 260 671 1471 1974">
    <p class='ocr_par' dir='ltr' id='par_1_4' title="bbox 260 671 1471 1974">
     <span class='ocr_line' id='line_1_5' title="bbox 265 671 1382 765; baseline -0.001 -26"><span class='ocrx_word' id='word_1_34' title='bbox 265 677 360 763; x_wconf 72' lang='grc' dir='ltr'><strong><em>θυμῷ</em></strong></span> <span class='ocrx_word' id='word_1_35' title='bbox 382 679 437 761; x_wconf 81' lang='grc' dir='ltr'><strong>τῆς</strong></span> <span class='ocrx_word' id='word_1_36' title='bbox 457 677 750 761; x_wconf 83' lang='grc' dir='ltr'><strong><em>Ἀόριανουπόλεοος</em></strong></span> <span class='ocrx_word' id='word_1_37' title='bbox 773 674 868 752; x_wconf 76' lang='grc' dir='ltr'><strong><em>ἔξεισι</em></strong></span> <span class='ocrx_word' id='word_1_38' title='bbox 882 672 941 741; x_wconf 87' lang='grc' dir='ltr'><strong>σόν</strong></span> <span class='ocrx_word' id='word_1_39' title='bbox 963 679 1064 762; x_wconf 77' lang='grc' dir='ltr'><strong><em>πολλῇ</em></strong></span> <span class='ocrx_word' id='word_1_40' title='bbox 1084 677 1122 763; x_wconf 71' lang='grc' dir='ltr'><strong>τῇ</strong></span> <span class='ocrx_word' id='word_1_41' title='bbox 1134 681 1194 765; x_wconf 76' lang='grc' dir='ltr'><strong><em>βοῇ</em></strong></span> <span class='ocrx_word' id='word_1_42' title='bbox 1207 677 1261 758; x_wconf 84' lang='grc' dir='ltr'><strong><em>καί</em></strong></span> <span class='ocrx_word' id='word_1_43' title='bbox 1279 671 1382 753; x_wconf 78' lang='grc' dir='ltr'><strong><em>ἐξάλ-</em></strong></span> 
     </span>
     <span class='ocr_line' id='line_1_6' title="bbox 263 775 1406 860; baseline -0.003 -20"><span class='ocrx_word' id='word_1_44' title='bbox 263 799 353 858; x_wconf 87' lang='grc' dir='ltr'><strong><em>μοιτι,</em></strong></span> <span class='ocrx_word' id='word_1_45' title='bbox 375 779 431 842; x_wconf 86' lang='grc' dir='ltr'><strong><em>καί</em></strong></span> <span class='ocrx_word' id='word_1_46' title='bbox 448 775 506 853; x_wconf 93' lang='grc' dir='ltr'><strong>τάς</strong></span> <span class='ocrx_word' id='word_1_47' title='bbox 528 776 681 858; x_wconf 84' lang='grc' dir='ltr'><strong><em>δυνάμεις</em></strong></span> <span class='ocrx_word' id='word_1_48' title='bbox 705 777 838 856; x_wconf 75' lang='grc' dir='ltr'><strong><em>ἐκτάξας</em></strong></span> <span class='ocrx_word' id='word_1_49' title='bbox 858 777 938 844; x_wconf 83' lang='grc' dir='ltr'><strong><em>κατά</em></strong></span> <span class='ocrx_word' id='word_1_50' title='bbox 962 780 1021 843; x_wconf 76' lang='lat' dir='ltr'><strong>rori</strong></span> <span class='ocrx_word' id='word_1_51' title='bbox 1038 781 1196 860; x_wconf 78' lang='grc' dir='ltr'><strong><em>βασιλέως</em></strong></span> <span class='ocrx_word' id='word_1_52' title='bbox 1221 781 1406 856; x_wconf 64' lang='lat' dir='ltr'><strong>asporta-s</strong></span> 
     </span>
     <span class='ocr_line' id='line_1_7' title="bbox 264 872 1471 963; baseline -0.002 -21"><span class='ocrx_word' id='word_1_53' title='bbox 264 879 333 959; x_wconf 78' lang='grc' dir='ltr'><strong>χάν</strong></span> <span class='ocrx_word' id='word_1_54' title='bbox 360 872 539 963; x_wconf 76' lang='grc' dir='ltr'><strong><em>ἐπορεόετο.</em></strong></span> <span class='ocrx_word' id='word_1_55' title='bbox 594 874 733 952; x_wconf 86' lang='grc' dir='ltr'><strong><em>ἀκοόσας</em></strong></span> <span class='ocrx_word' id='word_1_56' title='bbox 766 880 801 942; x_wconf 83' lang='grc' dir='ltr'><strong>δὲ</strong></span> <span class='ocrx_word' id='word_1_57' title='bbox 832 881 907 962; x_wconf 82' lang='grc' dir='ltr'><strong>περί</strong></span> <span class='ocrx_word' id='word_1_58' title='bbox 935 877 1055 943; x_wconf 85' lang='grc' dir='ltr'><strong><em>τοότοιν</em></strong></span> <span class='ocrx_word' id='word_1_59' title='bbox 1091 876 1107 940; x_wconf 83' lang='grc' dir='ltr'><strong><em>ό</em></strong></span> <span class='ocrx_word' id='word_1_60' title='bbox 1137 873 1290 960; x_wconf 86' lang='grc' dir='ltr'><strong><em>βασιλεός</em></strong></span> <span class='ocrx_word' id='word_1_61' title='bbox 1318 877 1380 960; x_wconf 81' lang='grc' dir='ltr'><strong>τῆς</strong></span> <span class='ocrx_word' id='word_1_62' title='bbox 1470 943 1471 948; x_wconf 59' lang='grc'>,</span> 
     </span>
     <span class='ocr_line' id='line_1_8' title="bbox 263 960 1378 1066; baseline -0.005 -20"><span class='ocrx_word' id='word_1_63' title='bbox 263 970 418 1057; x_wconf 75' lang='grc' dir='ltr'><strong><em>ἆβουλιάς</em></strong></span> <span class='ocrx_word' id='word_1_64' title='bbox 446 975 542 1043; x_wconf 86' lang='grc' dir='ltr'><strong><em>αότόν</em></strong></span> <span class='ocrx_word' id='word_1_65' title='bbox 571 960 734 1056; x_wconf 72' lang='grc' dir='ltr'><strong><em>ἒεαλάνιζε</em></strong></span> <span class='ocrx_word' id='word_1_66' title='bbox 764 978 818 1043; x_wconf 85' lang='grc' dir='ltr'><strong><em>καί</em></strong></span> <span class='ocrx_word' id='word_1_67' title='bbox 840 982 900 1043; x_wconf 84' lang='grc' dir='ltr'><strong>τοό</strong></span> <span class='ocrx_word' id='word_1_68' title='bbox 927 977 1051 1053; x_wconf 87' lang='grc' dir='ltr'><strong><em>πόθους</em></strong></span> <span class='ocrx_word' id='word_1_69' title='bbox 1079 964 1231 1066; x_wconf 70' lang='grc' dir='ltr'><strong>Ιᾤκτειρε,</strong></span> <span class='ocrx_word' id='word_1_70' title='bbox 1254 977 1310 1040; x_wconf 84' lang='grc' dir='ltr'>καί</span> <span class='ocrx_word' id='word_1_71' title='bbox 1331 973 1378 1050; x_wconf 82' lang='grc' dir='ltr'><strong><em>σός</em></strong></span> 
     </span>
     <span class='ocr_line' id='line_1_9' title="bbox 262 1075 1379 1166; baseline 0.002 -26"><span class='ocrx_word' id='word_1_72' title='bbox 262 1075 418 1162; x_wconf 80' lang='grc' dir='ltr'><strong><em>μεμηνότι</em></strong></span> <span class='ocrx_word' id='word_1_73' title='bbox 441 1078 496 1143; x_wconf 83' lang='grc' dir='ltr'><strong>καό</strong></span> <span class='ocrx_word' id='word_1_74' title='bbox 515 1081 760 1162; x_wconf 76' lang='grc' dir='ltr'><strong><em>κορυβαντιῶντι</em></strong></span> <span class='ocrx_word' id='word_1_75' title='bbox 791 1084 905 1164; x_wconf 76' lang='grc' dir='ltr'><strong><em>σοφοῖς</em></strong></span> <span class='ocrx_word' id='word_1_76' title='bbox 933 1079 1102 1166; x_wconf 89' lang='grc' dir='ltr'><strong><em>φάρμακον</em></strong></span> <span class='ocrx_word' id='word_1_77' title='bbox 1125 1080 1220 1162; x_wconf 79' lang='grc' dir='ltr'><strong><em>ἐσῆγε</em></strong></span> <span class='ocrx_word' id='word_1_78' title='bbox 1242 1080 1297 1160; x_wconf 84' lang='grc' dir='ltr'><strong>τῆς</strong></span> <span class='ocrx_word' id='word_1_79' title='bbox 1316 1077 1379 1142; x_wconf 88' lang='grc' dir='ltr'><strong>νό-</strong></span> 
     </span>
     <span class='ocr_line' id='line_1_10' title="bbox 263 1173 1378 1266; baseline 0.001 -25"><span class='ocrx_word' id='word_1_80' title='bbox 263 1199 323 1241; x_wconf 87' lang='grc' dir='ltr'><strong><em>σου</em></strong></span> <span class='ocrx_word' id='word_1_81' title='bbox 348 1176 564 1264; x_wconf 74' lang='grc' dir='ltr'><strong><em>ἀλεξητήριον.</em></strong></span> <span class='ocrx_word' id='word_1_82' title='bbox 608 1182 643 1243; x_wconf 76' lang='grc' dir='ltr'><strong>τό</strong></span> <span class='ocrx_word' id='word_1_83' title='bbox 660 1181 696 1242; x_wconf 80' lang='lat' dir='ltr'><strong>di·</strong></span> <span class='ocrx_word' id='word_1_84' title='bbox 717 1182 812 1244; x_wconf 84' lang='grc' dir='ltr'><strong><em>τοότο</em></strong></span> <span class='ocrx_word' id='word_1_85' title='bbox 835 1173 890 1262; x_wconf 76' lang='grc' dir='ltr'><strong>ἦν;</strong></span> <span class='ocrx_word' id='word_1_86' title='bbox 912 1179 1001 1266; x_wconf 75' lang='grc' dir='ltr'><strong><em>τρίτη</em></strong></span> <span class='ocrx_word' id='word_1_87' title='bbox 1016 1182 1167 1263; x_wconf 75' lang='grc' dir='ltr'><strong><em>πρεσβεία</em></strong></span> <span class='ocrx_word' id='word_1_88' title='bbox 1187 1177 1246 1261; x_wconf 75' lang='grc' dir='ltr'><strong>τὴν</strong></span> <span class='ocrx_word' id='word_1_89' title='bbox 1267 1175 1378 1261; x_wconf 75' lang='grc' dir='ltr'><strong><em>όρμὴν</em></strong></span> 
     </span>
     <span class='ocr_line' id='line_1_11' title="bbox 266 1276 1422 1370; baseline 0.003 -29"><span class='ocrx_word' id='word_1_90' title='bbox 266 1279 325 1341; x_wconf 77' lang='grc' dir='ltr'><strong>τοῦ</strong></span> <span class='ocrx_word' id='word_1_91' title='bbox 345 1285 487 1361; x_wconf 78' lang='grc' dir='ltr'><strong><em>πολέμου</em></strong></span> <span class='ocrx_word' id='word_1_92' title='bbox 509 1279 718 1364; x_wconf 76' lang='grc' dir='ltr'><strong><em>ἀπείργουσα.</em></strong></span> <span class='ocrx_word' id='word_1_93' title='bbox 762 1286 909 1370; x_wconf 83' lang='grc' dir='ltr'><strong><em>πέπομφε</em></strong></span> <span class='ocrx_word' id='word_1_94' title='bbox 929 1281 990 1365; x_wconf 86' lang='grc' dir='ltr'><strong>γάρ</strong></span> <span class='ocrx_word' id='word_1_95' title='bbox 1014 1279 1067 1345; x_wconf 77' lang='grc' dir='ltr'><strong>ἕνα</strong></span> <span class='ocrx_word' id='word_1_96' title='bbox 1090 1284 1150 1345; x_wconf 83' lang='grc' dir='ltr'><strong>τάν</strong></span> <span class='ocrx_word' id='word_1_97' title='bbox 1173 1276 1379 1346; x_wconf 85' lang='grc' dir='ltr'><strong><em>πιστοτάτων</em></strong></span> <span class='ocrx_word' id='word_1_98' title='bbox 1390 1289 1422 1344; x_wconf 84' lang='grc'><strong>10</strong></span> 
     </span>
     <span class='ocr_line' id='line_1_12' title="bbox 264 1381 1380 1468; baseline 0.002 -25"><span class='ocrx_word' id='word_1_99' title='bbox 264 1381 371 1468; x_wconf 59' lang='lat' dir='ltr'><strong>adad,</strong></span> <span class='ocrx_word' id='word_1_100' title='bbox 400 1383 456 1446; x_wconf 74' lang='grc' dir='ltr'><strong><em>κατ’</em></strong></span> <span class='ocrx_word' id='word_1_101' title='bbox 474 1383 574 1446; x_wconf 73' lang='grc' dir='ltr'><strong><em>εἰπεῖν</em></strong></span> <span class='ocrx_word' id='word_1_102' title='bbox 603 1386 659 1446; x_wconf 82' lang='grc' dir='ltr'><em>καί</em></span> <span class='ocrx_word' id='word_1_103' title='bbox 678 1383 814 1446; x_wconf 75' lang='grc' dir='ltr'><strong><em>ἀκοῦσαι</em></strong></span> <span class='ocrx_word' id='word_1_104' title='bbox 846 1382 1107 1463; x_wconf 70' lang='grc' dir='ltr'><strong><em>πεπαιδευμένον,</em></strong></span> <span class='ocrx_word' id='word_1_105' title='bbox 1130 1382 1184 1445; x_wconf 80' lang='grc' dir='ltr'><em>καί</em></span> <span class='ocrx_word' id='word_1_106' title='bbox 1203 1389 1320 1462; x_wconf 78' lang='grc' dir='ltr'><strong><em>πεῖραν</em></strong></span> <span class='ocrx_word' id='word_1_107' title='bbox 1341 1381 1380 1446; x_wconf 79' lang='grc' dir='ltr'><strong>ἐν</strong></span> 
     </span>
     <span class='ocr_line' id='line_1_13' title="bbox 260 1476 1378 1585; baseline 0.002 -41"><span class='ocrx_word' id='word_1_108' title='bbox 260 1488 330 1585; x_wconf 58' lang='grc' dir='ltr'><strong><em>τοῖς</em></strong></span> <span class='ocrx_word' id='word_1_109' title='bbox 350 1480 505 1558; x_wconf 71' lang='grc' dir='ltr'><strong><em>τοιούτοις</em></strong></span> <span class='ocrx_word' id='word_1_110' title='bbox 531 1479 565 1546; x_wconf 75' lang='grc' dir='ltr'><strong><em>ἐκ</em></strong></span> <span class='ocrx_word' id='word_1_111' title='bbox 595 1485 736 1558; x_wconf 78' lang='grc' dir='ltr'><strong><em>πλείονος</em></strong></span> <span class='ocrx_word' id='word_1_112' title='bbox 763 1480 894 1566; x_wconf 82' lang='grc' dir='ltr'><strong><em>ἔχοντα,</em></strong></span> <span class='ocrx_word' id='word_1_113' title='bbox 920 1481 1082 1564; x_wconf 73' lang='lat' dir='ltr'><strong>‘Parparia</strong></span> <span class='ocrx_word' id='word_1_114' title='bbox 1111 1476 1378 1566; x_wconf 82' lang='grc' dir='ltr'><strong><em>πρωτοπρόεθρον</em></strong></span> 
     </span>
     <span class='ocr_line' id='line_1_14' title="bbox 263 1577 1378 1672; baseline 0 -27"><span class='ocrx_word' id='word_1_115' title='bbox 263 1583 320 1646; x_wconf 83' lang='grc' dir='ltr'><strong><em>και“</em></strong></span> <span class='ocrx_word' id='word_1_116' title='bbox 336 1587 435 1666; x_wconf 79' lang='grc' dir='ltr'><strong><em>μέγαν</em></strong></span> <span class='ocrx_word' id='word_1_117' title='bbox 455 1577 688 1669; x_wconf 72' lang='grc' dir='ltr'><strong><em>ἔταιρειάρχην.</em></strong></span> <span class='ocrx_word' id='word_1_118' title='bbox 742 1579 779 1660; x_wconf 76' lang='grc' dir='ltr'><strong><em>ὃς</em></strong></span> <span class='ocrx_word' id='word_1_119' title='bbox 802 1588 856 1649; x_wconf 85' lang='grc' dir='ltr'><strong><em>κατ’</em></strong></span> <span class='ocrx_word' id='word_1_120' title='bbox 878 1587 1109 1672; x_wconf 74' lang='grc' dir='ltr'><strong><em>ἀφικνούμενος</em></strong></span> <span class='ocrx_word' id='word_1_121' title='bbox 1136 1582 1217 1667; x_wconf 88' lang='grc' dir='ltr'><strong><em>πρός</em></strong></span> <span class='ocrx_word' id='word_1_122' title='bbox 1239 1580 1294 1646; x_wconf 89' lang='grc' dir='ltr'><strong>τὸν</strong></span> <span class='ocrx_word' id='word_1_123' title='bbox 1315 1580 1378 1647; x_wconf 86' lang='grc' dir='ltr'><strong>τό·</strong></span> 
     </span>
     <span class='ocr_line' id='line_1_15' title="bbox 265 1681 1379 1770; baseline -0.002 -21"><span class='ocrx_word' id='word_1_124' title='bbox 265 1707 378 1767; x_wconf 89' lang='grc' dir='ltr'><strong><em>ραννον</em></strong></span> <span class='ocrx_word' id='word_1_125' title='bbox 399 1683 457 1747; x_wconf 82' lang='grc' dir='ltr'><strong>οόκ</strong></span> <span class='ocrx_word' id='word_1_126' title='bbox 478 1682 719 1770; x_wconf 33' lang='grc' dir='ltr'><strong><em>εόθόςιόόέχθη</em></strong></span> <span class='ocrx_word' id='word_1_127' title='bbox 741 1685 785 1762; x_wconf 82' lang='grc' dir='ltr'><strong><em>σός</em></strong></span> <span class='ocrx_word' id='word_1_128' title='bbox 805 1687 839 1750; x_wconf 84' lang='grc' dir='ltr'><strong><em>ἒκ</em></strong></span> <span class='ocrx_word' id='word_1_129' title='bbox 853 1690 1009 1769; x_wconf 84' lang='grc' dir='ltr'><strong><em>βασιλέως</em></strong></span> <span class='ocrx_word' id='word_1_130' title='bbox 1025 1681 1296 1765; x_wconf 66' lang='grc' dir='ltr'><strong><em>ἀποστελλόμενος</em></strong></span> <span class='ocrx_word' id='word_1_131' title='bbox 1317 1687 1379 1748; x_wconf 79' lang='grc' dir='ltr'><strong><em>κατ’</em></strong></span> 
     </span>
     <span class='ocr_line' id='line_1_16' title="bbox 263 1776 1418 1872; baseline 0.003 -23"><span class='ocrx_word' id='word_1_132' title='bbox 263 1783 357 1867; x_wconf 88' lang='grc' dir='ltr'><strong><em>λόγου</em></strong></span> <span class='ocrx_word' id='word_1_133' title='bbox 379 1776 502 1869; x_wconf 73' lang='grc' dir='ltr'><strong><em>ἧξιιόθη</em></strong></span> <span class='ocrx_word' id='word_1_134' title='bbox 525 1784 605 1850; x_wconf 89' lang='grc' dir='ltr'><strong><em>κατά</em></strong></span> <span class='ocrx_word' id='word_1_135' title='bbox 627 1786 662 1850; x_wconf 87' lang='grc' dir='ltr'><strong>τό</strong></span> <span class='ocrx_word' id='word_1_136' title='bbox 684 1784 823 1872; x_wconf 87' lang='grc' dir='ltr'><strong><em>σόνηθες</em></strong></span> <span class='ocrx_word' id='word_1_137' title='bbox 846 1811 909 1862; x_wconf 90' lang='grc' dir='ltr'><strong><em>τοις</em></strong></span> <span class='ocrx_word' id='word_1_138' title='bbox 931 1790 1191 1871; x_wconf 78' lang='grc' dir='ltr'><strong><em>στρατευομένοις</em></strong></span> <span class='ocrx_word' id='word_1_139' title='bbox 1212 1790 1288 1870; x_wconf 84' lang='grc' dir='ltr'><strong>περί</strong></span> <span class='ocrx_word' id='word_1_140' title='bbox 1307 1783 1370 1861; x_wconf 84' lang='grc' dir='ltr'><strong>τάς</strong></span> <span class='ocrx_word' id='word_1_141' title='bbox 1386 1801 1418 1853; x_wconf 82' lang='grc'><strong>15</strong></span> 
     </span>
     <span class='ocr_line' id='line_1_17' title="bbox 261 1881 1374 1974; baseline 0.001 -25"><span class='ocrx_word' id='word_1_142' title='bbox 261 1881 444 1970; x_wconf 82' lang='grc' dir='ltr'><strong><em>όπαιθρους</em></strong></span> <span class='ocrx_word' id='word_1_143' title='bbox 475 1885 612 1972; x_wconf 88' lang='grc' dir='ltr'><strong><em>σκηνάς,</em></strong></span> <span class='ocrx_word' id='word_1_144' title='bbox 644 1889 713 1952; x_wconf 84' lang='grc' dir='ltr'><strong><em>ἀλλ’</em></strong></span> <span class='ocrx_word' id='word_1_145' title='bbox 734 1891 769 1952; x_wconf 83' lang='grc' dir='ltr'><strong><em>όκ</em></strong></span> <span class='ocrx_word' id='word_1_146' title='bbox 795 1887 1015 1972; x_wconf 80' lang='grc' dir='ltr'><strong><em>διαστήματος</em></strong></span> <span class='ocrx_word' id='word_1_147' title='bbox 1033 1883 1155 1972; x_wconf 71' lang='grc' dir='ltr'><strong><em>ἡμέρας</em></strong></span> <span class='ocrx_word' id='word_1_148' title='bbox 1177 1889 1237 1951; x_wconf 76' lang='grc' dir='ltr'><strong>τοῦ</strong></span> <span class='ocrx_word' id='word_1_149' title='bbox 1259 1885 1374 1974; x_wconf 85' lang='grc' dir='ltr'><strong><em>πρόσω</em></strong></span> 
     </span>
    </p>
   </div>
   <div class='ocr_carea' id='block_1_5' title="bbox 162 1985 1375 2076">
    <p class='ocr_par' dir='ltr' id='par_1_5' title="bbox 162 1985 1375 2076">
     <span class='ocr_line' id='line_1_18' title="bbox 162 1985 1375 2076; baseline -0.001 -24"><span class='ocrx_word' id='word_1_150' title='bbox 162 2045 167 2052; x_wconf 82' lang='grc'><strong><em>.</em></strong></span> <span class='ocrx_word' id='word_1_151' title='bbox 260 1988 406 2069; x_wconf 77' lang='grc' dir='ltr'><strong><em>βαδίζειν</em></strong></span> <span class='ocrx_word' id='word_1_152' title='bbox 438 1987 594 2065; x_wconf 70' lang='grc' dir='ltr'><strong><em>κωλυθεὶς</em></strong></span> <span class='ocrx_word' id='word_1_153' title='bbox 621 1991 695 2069; x_wconf 84' lang='grc' dir='ltr'><strong><em>μεθ’</em></strong></span> <span class='ocrx_word' id='word_1_154' title='bbox 723 1988 844 2075; x_wconf 73' lang='grc' dir='ltr'><strong><em>ἡμέρας</em></strong></span> <span class='ocrx_word' id='word_1_155' title='bbox 870 1986 958 2064; x_wconf 87' lang='grc' dir='ltr'><strong><em>τινάς</em></strong></span> <span class='ocrx_word' id='word_1_156' title='bbox 978 1991 1189 2076; x_wconf 73' lang='grc' dir='ltr'><strong><em>μετεπέμφθη</em></strong></span> <span class='ocrx_word' id='word_1_157' title='bbox 1218 1986 1295 2071; x_wconf 86' lang='grc' dir='ltr'><strong><em>πρὸς</em></strong></span> <span class='ocrx_word' id='word_1_158' title='bbox 1315 1985 1375 2072; x_wconf 80' lang='grc' dir='ltr'><strong>την</strong></span> 
     </span>
    </p>
   </div>
   <div class='ocr_carea' id='block_1_6' title="bbox 260 2084 1471 2686">
    <p class='ocr_par' dir='ltr' id='par_1_6' title="bbox 260 2084 1471 2686">
     <span class='ocr_line' id='line_1_19' title="bbox 262 2084 1374 2177; baseline 0.003 -27"><span class='ocrx_word' id='word_1_159' title='bbox 262 2084 425 2172; x_wconf 83' lang='grc' dir='ltr'><strong><em>ε’ροότησικ.</em></strong></span> <span class='ocrx_word' id='word_1_160' title='bbox 468 2086 588 2165; x_wconf 73' lang='grc' dir='ltr'><strong><em>ἔξωθεν</em></strong></span> <span class='ocrx_word' id='word_1_161' title='bbox 608 2093 652 2177; x_wconf 31' lang='grc' dir='ltr'><strong>δὲ,</strong></span> <span class='ocrx_word' id='word_1_162' title='bbox 665 2092 834 2171; x_wconf 80' lang='grc' dir='ltr'><strong><em>δεξάμενος</em></strong></span> <span class='ocrx_word' id='word_1_163' title='bbox 856 2093 968 2156; x_wconf 77' lang='grc' dir='ltr'><strong><em>τοῦτον</em></strong></span> <span class='ocrx_word' id='word_1_164' title='bbox 994 2089 1131 2177; x_wconf 76' lang='grc' dir='ltr'><strong><em>ἔφιππος</em></strong></span> <span class='ocrx_word' id='word_1_165' title='bbox 1153 2091 1170 2154; x_wconf 87' lang='grc' dir='ltr'><strong><em>ό</em></strong></span> <span class='ocrx_word' id='word_1_166' title='bbox 1195 2093 1374 2176; x_wconf 82' lang='grc' dir='ltr'><strong><em>Βρυόννιος</em></strong></span> 
     </span>
     <span class='ocr_line' id='line_1_20' title="bbox 262 2184 1471 2277; baseline 0.004 -26"><span class='ocrx_word' id='word_1_167' title='bbox 262 2185 357 2265; x_wconf 83' lang='grc' dir='ltr'><strong><em>πεζόν</em></strong></span> <span class='ocrx_word' id='word_1_168' title='bbox 382 2184 475 2270; x_wconf 77' lang='grc' dir='ltr'><strong><em>εἶδεν,</em></strong></span> <span class='ocrx_word' id='word_1_169' title='bbox 499 2191 533 2254; x_wconf 82' lang='grc' dir='ltr'><strong>όν</strong></span> <span class='ocrx_word' id='word_1_170' title='bbox 558 2190 714 2266; x_wconf 74' lang='grc' dir='ltr'><strong><em>ἀκάνθαις</em></strong></span> <span class='ocrx_word' id='word_1_171' title='bbox 734 2189 906 2275; x_wconf 73' lang='grc' dir='ltr'><strong><em>ἱστάμενον</em></strong></span> <span class='ocrx_word' id='word_1_172' title='bbox 929 2191 983 2256; x_wconf 83' lang='grc' dir='ltr'><strong><em>καί</em></strong></span> <span class='ocrx_word' id='word_1_173' title='bbox 1006 2190 1093 2277; x_wconf 88' lang='grc' dir='ltr'><strong><em>παρά</em></strong></span> <span class='ocrx_word' id='word_1_174' title='bbox 1111 2195 1175 2258; x_wconf 80' lang='grc' dir='ltr'><strong><em>τεόν</em></strong></span> <span class='ocrx_word' id='word_1_175' title='bbox 1197 2193 1279 2276; x_wconf 88' lang='grc' dir='ltr'><strong><em>ἀμφ’</em></strong></span> <span class='ocrx_word' id='word_1_176' title='bbox 1303 2192 1371 2255; x_wconf 86' lang='grc' dir='ltr'><strong>αά-</strong></span> <span class='ocrx_word' id='word_1_177' title='bbox 1470 2207 1471 2256; x_wconf 69' lang='lat' dir='ltr'><strong>t</strong></span> 
     </span>
     <span class='ocr_line' id='line_1_21' title="bbox 260 2284 1414 2380; baseline 0.007 -28"><span class='ocrx_word' id='word_1_178' title='bbox 260 2284 315 2352; x_wconf 91' lang='grc' dir='ltr'><strong>τόν</strong></span> <span class='ocrx_word' id='word_1_179' title='bbox 347 2291 662 2375; x_wconf 82' lang='grc' dir='ltr'><strong><em>κατειρωνευόμενον.</em></strong></span> <span class='ocrx_word' id='word_1_180' title='bbox 716 2289 828 2379; x_wconf 80' lang='grc' dir='ltr'><strong><em>μηκέτι</em></strong></span> <span class='ocrx_word' id='word_1_181' title='bbox 861 2297 896 2359; x_wconf 78' lang='grc' dir='ltr'><strong>δὲ</strong></span> <span class='ocrx_word' id='word_1_182' title='bbox 923 2293 980 2370; x_wconf 82' lang='grc' dir='ltr'><strong>τάς</strong></span> <span class='ocrx_word' id='word_1_183' title='bbox 1007 2293 1174 2380; x_wconf 67' lang='grc' dir='ltr'><strong><em>συνθήκας</em></strong></span> <span class='ocrx_word' id='word_1_184' title='bbox 1198 2290 1414 2374; x_wconf 74' lang='grc' dir='ltr'><strong><em>δεξάμενοςλθ</em></strong></span> 
     </span>
     <span class='ocr_line' id='line_1_22' title="bbox 262 2389 1371 2481; baseline 0.005 -27"><span class='ocrx_word' id='word_1_185' title='bbox 262 2389 385 2471; x_wconf 78' lang='grc' dir='ltr'><strong><em>ἀτόμοις</em></strong></span> <span class='ocrx_word' id='word_1_186' title='bbox 404 2395 734 2479; x_wconf 81' lang='grc' dir='ltr'><strong><em>τοῦτονάπάπεμψεν,</em></strong></span> <span class='ocrx_word' id='word_1_187' title='bbox 758 2391 833 2479; x_wconf 84' lang='grc' dir='ltr'><strong><em>όπερ</em></strong></span> <span class='ocrx_word' id='word_1_188' title='bbox 858 2398 926 2462; x_wconf 86' lang='lat' dir='ltr'><strong>cv’d&#39;</strong></span> <span class='ocrx_word' id='word_1_189' title='bbox 948 2398 995 2472; x_wconf 82' lang='grc' dir='ltr'><strong>εἰς</strong></span> <span class='ocrx_word' id='word_1_190' title='bbox 1018 2395 1178 2481; x_wconf 77' lang='grc' dir='ltr'><strong><em>ἐθνάρχου</em></strong></span> <span class='ocrx_word' id='word_1_191' title='bbox 1198 2393 1260 2462; x_wconf 82' lang='grc' dir='ltr'><strong>τάν</strong></span> <span class='ocrx_word' id='word_1_192' title='bbox 1281 2391 1371 2461; x_wconf 75' lang='grc' dir='ltr'><strong><em>τότε·</em></strong></span> 
     </span>
     <span class='ocr_line' id='line_1_23' title="bbox 260 2491 1372 2585; baseline 0.004 -30"><span class='ocrx_word' id='word_1_193' title='bbox 260 2496 419 2577; x_wconf 75' lang='grc' dir='ltr'><strong><em>λεοτὲρτσν</em></strong></span> <span class='ocrx_word' id='word_1_194' title='bbox 439 2500 581 2577; x_wconf 75' lang='grc' dir='ltr'><strong><em>πρέσβυν</em></strong></span> <span class='ocrx_word' id='word_1_195' title='bbox 603 2499 698 2577; x_wconf 87' lang='grc' dir='ltr'><strong><em>νόμος</em></strong></span> <span class='ocrx_word' id='word_1_196' title='bbox 720 2504 786 2573; x_wconf 80' lang='grc' dir='ltr'><strong><em>τοῖς</em></strong></span> <span class='ocrx_word' id='word_1_197' title='bbox 806 2491 934 2585; x_wconf 76' lang='grc' dir='ltr'><strong><em>άληθῶς</em></strong></span> <span class='ocrx_word' id='word_1_198' title='bbox 947 2500 1115 2581; x_wconf 75' lang='grc' dir='ltr'><strong><em>βασιλεῦσι</em></strong></span> <span class='ocrx_word' id='word_1_199' title='bbox 1138 2506 1258 2561; x_wconf 84' lang='grc' dir='ltr'><strong><em>ποιεῖν·</em></strong></span> <span class='ocrx_word' id='word_1_200' title='bbox 1280 2493 1372 2577; x_wconf 77' lang='grc' dir='ltr'><strong><em>ἱερόν</em></strong></span> 
     </span>
     <span class='ocr_line' id='line_1_24' title="bbox 260 2588 1470 2686; baseline 0.001 -28"><span class='ocrx_word' id='word_1_201' title='bbox 260 2588 323 2677; x_wconf 75' lang='grc' dir='ltr'><strong>γάρ</strong></span> <span class='ocrx_word' id='word_1_202' title='bbox 338 2596 433 2676; x_wconf 76' lang='grc' dir='ltr'><strong><em>σῶμα</em></strong></span> <span class='ocrx_word' id='word_1_203' title='bbox 454 2595 472 2659; x_wconf 89' lang='grc' dir='ltr'><strong><em>ό</em></strong></span> <span class='ocrx_word' id='word_1_204' title='bbox 493 2600 635 2683; x_wconf 77' lang='grc' dir='ltr'><strong><em>πρέσβυς</em></strong></span> <span class='ocrx_word' id='word_1_205' title='bbox 657 2599 847 2686; x_wconf 77' lang='grc' dir='ltr'><strong><em>λελόγισται,</em></strong></span> <span class='ocrx_word' id='word_1_206' title='bbox 869 2594 921 2667; x_wconf 78' lang='grc' dir='ltr'><strong>οἷα</strong></span> <span class='ocrx_word' id='word_1_207' title='bbox 946 2608 1010 2679; x_wconf 81' lang='grc' dir='ltr'><strong><em>τοῖς</em></strong></span> <span class='ocrx_word' id='word_1_208' title='bbox 1031 2599 1216 2683; x_wconf 65' lang='grc' dir='ltr'><strong><em>ἀντιθέτοις,</em></strong></span> <span class='ocrx_word' id='word_1_209' title='bbox 1237 2601 1371 2684; x_wconf 75' lang='grc' dir='ltr'><strong><em>μεσίτης</em></strong></span> <span class='ocrx_word' id='word_1_210' title='bbox 1469 2656 1470 2659; x_wconf 74' lang='grc'>,</span> 
     </span>
    </p>
   </div>
   <div class='ocr_carea' id='block_1_7' title="bbox 234 2897 1469 4197">
    <p class='ocr_par' dir='ltr' id='par_1_7' title="bbox 234 2897 1469 4197">
     <span class='ocr_line' id='line_1_25' title="bbox 262 2897 1374 2976; baseline 0.008 -24"><span class='ocrx_word' id='word_1_211' title='bbox 262 2903 316 2952; x_wconf 81' lang='lat' dir='ltr'><strong>tem</strong></span> <span class='ocrx_word' id='word_1_212' title='bbox 335 2897 487 2967; x_wconf 70' lang='lat' dir='ltr'><strong>Erpennins</strong></span> <span class='ocrx_word' id='word_1_213' title='bbox 510 2902 559 2955; x_wconf 89' lang='lat' dir='ltr'><strong>ille</strong></span> <span class='ocrx_word' id='word_1_214' title='bbox 586 2905 631 2973; x_wconf 81' lang='lat' dir='ltr'><strong>qni</strong></span> <span class='ocrx_word' id='word_1_215' title='bbox 649 2906 763 2973; x_wconf 88' lang='lat' dir='ltr'><strong>spiraret</strong></span> <span class='ocrx_word' id='word_1_216' title='bbox 791 2908 906 2976; x_wconf 89' lang='lat' dir='ltr'><strong>superba</strong></span> <span class='ocrx_word' id='word_1_217' title='bbox 932 2917 959 2961; x_wconf 89' lang='lat' dir='ltr'><strong>ct</strong></span> <span class='ocrx_word' id='word_1_218' title='bbox 981 2923 1093 2963; x_wconf 83' lang='lat' dir='ltr'><strong>movere</strong></span> <span class='ocrx_word' id='word_1_219' title='bbox 1123 2917 1219 2961; x_wconf 81' lang='lat' dir='ltr'><strong>terram</strong></span> <span class='ocrx_word' id='word_1_220' title='bbox 1245 2916 1272 2961; x_wconf 87' lang='lat' dir='ltr'><strong>ct</strong></span> <span class='ocrx_word' id='word_1_221' title='bbox 1295 2923 1374 2961; x_wconf 85' lang='lat' dir='ltr'><strong>mare</strong></span> 
     </span>
     <span class='ocr_line' id='line_1_26' title="bbox 262 2972 1373 3049; baseline 0.006 -27"><span class='ocrx_word' id='word_1_222' title='bbox 262 2972 426 3025; x_wconf 84' lang='lat' dir='ltr'><strong>minaretur:</strong></span> <span class='ocrx_word' id='word_1_223' title='bbox 446 2981 534 3027; x_wconf 86' lang='lat' dir='ltr'><strong>tamen</strong></span> <span class='ocrx_word' id='word_1_224' title='bbox 552 2978 641 3029; x_wconf 83' lang='lat' dir='ltr'><strong>victus</strong></span> <span class='ocrx_word' id='word_1_225' title='bbox 666 2980 755 3030; x_wconf 88' lang='lat' dir='ltr'><strong>anima</strong></span> <span class='ocrx_word' id='word_1_226' title='bbox 774 2980 949 3049; x_wconf 81' lang='lat' dir='ltr'><strong>Adriancpoli</strong></span> <span class='ocrx_word' id='word_1_227' title='bbox 975 2982 1112 3049; x_wconf 86' lang='lat' dir='ltr'><strong>egreditur</strong></span> <span class='ocrx_word' id='word_1_228' title='bbox 1130 2998 1189 3032; x_wconf 95' lang='lat' dir='ltr'><strong>cnm</strong></span> <span class='ocrx_word' id='word_1_229' title='bbox 1207 2978 1290 3032; x_wconf 89' lang='lat' dir='ltr'><strong>multo</strong></span> <span class='ocrx_word' id='word_1_230' title='bbox 1310 2980 1373 3032; x_wconf 89' lang='lat' dir='ltr'><strong>cia.</strong></span> 
     </span>
     <span class='ocr_line' id='line_1_27' title="bbox 262 3044 1373 3122; baseline 0.004 -27"><span class='ocrx_word' id='word_1_231' title='bbox 262 3057 338 3095; x_wconf 88' lang='lat' dir='ltr'><strong>more</strong></span> <span class='ocrx_word' id='word_1_232' title='bbox 358 3053 385 3097; x_wconf 88' lang='lat' dir='ltr'><strong>et</strong></span> <span class='ocrx_word' id='word_1_233' title='bbox 402 3044 482 3112; x_wconf 87' lang='lat' dir='ltr'><strong>saltu,</strong></span> <span class='ocrx_word' id='word_1_234' title='bbox 502 3055 582 3115; x_wconf 87' lang='lat' dir='ltr'><strong>atque</strong></span> <span class='ocrx_word' id='word_1_235' title='bbox 601 3049 674 3101; x_wconf 87' lang='lat' dir='ltr'><strong>vires</strong></span> <span class='ocrx_word' id='word_1_236' title='bbox 692 3052 828 3105; x_wconf 88' lang='lat' dir='ltr'><strong>instruens</strong></span> <span class='ocrx_word' id='word_1_237' title='bbox 852 3063 945 3106; x_wconf 87' lang='lat' dir='ltr'><strong>contra</strong></span> <span class='ocrx_word' id='word_1_238' title='bbox 965 3068 1057 3122; x_wconf 81' lang='lat' dir='ltr'><strong>regem</strong></span> <span class='ocrx_word' id='word_1_239' title='bbox 1082 3053 1189 3105; x_wconf 83' lang='lat' dir='ltr'><strong>fortiter</strong></span> <span class='ocrx_word' id='word_1_240' title='bbox 1208 3054 1373 3120; x_wconf 78' lang='lat' dir='ltr'><strong>proticisce-</strong></span> 
     </span>
     <span class='ocr_line' id='line_1_28' title="bbox 260 3114 1469 3191; baseline 0.008 -25"><span class='ocrx_word' id='word_1_241' title='bbox 260 3114 353 3167; x_wconf 82' lang='lat' dir='ltr'><strong>batur:</strong></span> <span class='ocrx_word' id='word_1_242' title='bbox 373 3118 484 3169; x_wconf 85' lang='lat' dir='ltr'><strong>audiens</strong></span> <span class='ocrx_word' id='word_1_243' title='bbox 504 3128 591 3171; x_wconf 84' lang='lat' dir='ltr'><strong>autem</strong></span> <span class='ocrx_word' id='word_1_244' title='bbox 610 3120 677 3172; x_wconf 87' lang='lat' dir='ltr'><strong>haec</strong></span> <span class='ocrx_word' id='word_1_245' title='bbox 694 3138 743 3174; x_wconf 89' lang='lat' dir='ltr'><strong>rex</strong></span> <span class='ocrx_word' id='word_1_246' title='bbox 772 3132 882 3191; x_wconf 91' lang='lat' dir='ltr'><strong>propter</strong></span> <span class='ocrx_word' id='word_1_247' title='bbox 901 3126 1151 3177; x_wconf 73' lang='lat' dir='ltr'><strong>inconsiderantiam</strong></span> <span class='ocrx_word' id='word_1_248' title='bbox 1182 3132 1209 3175; x_wconf 89' lang='lat' dir='ltr'><strong>ct</strong></span> <span class='ocrx_word' id='word_1_249' title='bbox 1226 3124 1372 3191; x_wconf 85' lang='lat' dir='ltr'><strong>perturba.</strong></span> <span class='ocrx_word' id='word_1_250' title='bbox 1468 3184 1469 3189; x_wconf 14' lang='grc' dir='ltr'><strong><em>η</em></strong></span> 
     </span>
     <span class='ocr_line' id='line_1_29' title="bbox 260 3187 1469 3265; baseline 0.007 -27"><span class='ocrx_word' id='word_1_251' title='bbox 260 3187 361 3238; x_wconf 88' lang='lat' dir='ltr'><strong>tionem</strong></span> <span class='ocrx_word' id='word_1_252' title='bbox 382 3206 442 3240; x_wconf 91' lang='lat' dir='ltr'><strong>eum</strong></span> <span class='ocrx_word' id='word_1_253' title='bbox 460 3192 636 3243; x_wconf 76' lang='lat' dir='ltr'><strong>miserabatur</strong></span> <span class='ocrx_word' id='word_1_254' title='bbox 656 3201 736 3262; x_wconf 86' lang='lat' dir='ltr'><strong>atquc</strong></span> <span class='ocrx_word' id='word_1_255' title='bbox 755 3203 785 3246; x_wconf 90' lang='lat' dir='ltr'><strong>ut</strong></span> <span class='ocrx_word' id='word_1_256' title='bbox 804 3196 903 3257; x_wconf 81' lang='lat' dir='ltr'><strong>furenti</strong></span> <span class='ocrx_word' id='word_1_257' title='bbox 924 3205 950 3249; x_wconf 82' lang='lat' dir='ltr'><strong>et</strong></span> <span class='ocrx_word' id='word_1_258' title='bbox 970 3204 1043 3257; x_wconf 87' lang='lat' dir='ltr'><strong>certe</strong></span> <span class='ocrx_word' id='word_1_259' title='bbox 1061 3194 1372 3265; x_wconf 73' lang='lat' dir='ltr'><strong>perturbatoCcrybau-</strong></span> <span class='ocrx_word' id='word_1_260' title='bbox 1468 3208 1469 3229; x_wconf 72' lang='lat'><em>³</em></span> 
     </span>
     <span class='ocr_line' id='line_1_30' title="bbox 261 3260 1373 3336; baseline 0.008 -28"><span class='ocrx_word' id='word_1_261' title='bbox 261 3267 316 3309; x_wconf 90' lang='lat' dir='ltr'><strong>tum</strong></span> <span class='ocrx_word' id='word_1_262' title='bbox 335 3260 419 3312; x_wconf 87' lang='lat' dir='ltr'><strong>instar</strong></span> <span class='ocrx_word' id='word_1_263' title='bbox 438 3263 582 3313; x_wconf 86' lang='lat' dir='ltr'><strong>remedium</strong></span> <span class='ocrx_word' id='word_1_264' title='bbox 601 3264 744 3316; x_wconf 77' lang='lat' dir='ltr'><strong>adhibebat</strong></span> <span class='ocrx_word' id='word_1_265' title='bbox 761 3267 881 3319; x_wconf 90' lang='lat' dir='ltr'><strong>morbum</strong></span> <span class='ocrx_word' id='word_1_266' title='bbox 900 3284 1002 3319; x_wconf 87' lang='lat' dir='ltr'><strong>arcens.</strong></span> <span class='ocrx_word' id='word_1_267' title='bbox 1042 3268 1104 3336; x_wconf 90' lang='lat' dir='ltr'><strong>quid</strong></span> <span class='ocrx_word' id='word_1_268' title='bbox 1124 3267 1175 3318; x_wconf 89' lang='lat' dir='ltr'><strong>hoc</strong></span> <span class='ocrx_word' id='word_1_269' title='bbox 1196 3266 1271 3319; x_wconf 77' lang='lat' dir='ltr'><strong>crat?</strong></span> <span class='ocrx_word' id='word_1_270' title='bbox 1289 3269 1373 3319; x_wconf 83' lang='lat' dir='ltr'><strong>tertia</strong></span> 
     </span>
     <span class='ocr_line' id='line_1_31' title="bbox 250 3328 1373 3407; baseline 0.01 -29"><span class='ocrx_word' id='word_1_271' title='bbox 250 3328 363 3397; x_wconf 57' lang='lat' dir='ltr'><strong>,legatia</strong></span> <span class='ocrx_word' id='word_1_272' title='bbox 382 3332 509 3400; x_wconf 87' lang='lat' dir='ltr'><strong>impetum</strong></span> <span class='ocrx_word' id='word_1_273' title='bbox 527 3334 595 3386; x_wconf 88' lang='lat' dir='ltr'><strong>belii</strong></span> <span class='ocrx_word' id='word_1_274' title='bbox 622 3338 752 3390; x_wconf 88' lang='lat' dir='ltr'><strong>retinens.</strong></span> <span class='ocrx_word' id='word_1_275' title='bbox 789 3340 863 3390; x_wconf 89' lang='lat' dir='ltr'><strong>misit</strong></span> <span class='ocrx_word' id='word_1_276' title='bbox 889 3341 957 3391; x_wconf 92' lang='lat' dir='ltr'><strong>cuim</strong></span> <span class='ocrx_word' id='word_1_277' title='bbox 986 3339 1116 3407; x_wconf 84' lang='lat' dir='ltr'><strong>quendam</strong></span> <span class='ocrx_word' id='word_1_278' title='bbox 1135 3340 1322 3391; x_wconf 85' lang='lat' dir='ltr'><strong>fidissimorum</strong></span> <span class='ocrx_word' id='word_1_279' title='bbox 1344 3346 1373 3389; x_wconf 85' lang='lat' dir='ltr'><strong>et</strong></span> 
     </span>
     <span class='ocr_line' id='line_1_32' title="bbox 256 3402 1372 3478; baseline 0.009 -27"><span class='ocrx_word' id='word_1_280' title='bbox 256 3402 294 3453; x_wconf 79' lang='lat' dir='ltr'><strong>ad</strong></span> <span class='ocrx_word' id='word_1_281' title='bbox 312 3403 452 3456; x_wconf 84' lang='lat' dir='ltr'><strong>dicendum</strong></span> <span class='ocrx_word' id='word_1_282' title='bbox 466 3405 677 3475; x_wconf 88' lang='lat' dir='ltr'><strong>audiendumque</strong></span> <span class='ocrx_word' id='word_1_283' title='bbox 693 3410 832 3462; x_wconf 85' lang='lat' dir='ltr'><strong>educatum</strong></span> <span class='ocrx_word' id='word_1_284' title='bbox 849 3419 875 3461; x_wconf 87' lang='lat' dir='ltr'><strong>et</strong></span> <span class='ocrx_word' id='word_1_285' title='bbox 890 3412 1082 3478; x_wconf 79' lang='lat' dir='ltr'><strong>experientiam</strong></span> <span class='ocrx_word' id='word_1_286' title='bbox 1099 3411 1126 3461; x_wconf 92' lang='lat' dir='ltr'><strong>in</strong></span> <span class='ocrx_word' id='word_1_287' title='bbox 1144 3411 1242 3463; x_wconf 85' lang='lat' dir='ltr'><strong>talibus</strong></span> <span class='ocrx_word' id='word_1_288' title='bbox 1254 3411 1372 3465; x_wconf 79' lang='lat' dir='ltr'><strong>maxime</strong></span> 
     </span>
     <span class='ocr_line' id='line_1_33' title="bbox 261 3473 1370 3550; baseline 0.007 -27"><span class='ocrx_word' id='word_1_289' title='bbox 261 3473 409 3529; x_wconf 82' lang='lat' dir='ltr'><strong>habeatem</strong></span> <span class='ocrx_word' id='word_1_290' title='bbox 422 3476 569 3528; x_wconf 81' lang='lat' dir='ltr'><strong>Romanum</strong></span> <span class='ocrx_word' id='word_1_291' title='bbox 593 3480 706 3545; x_wconf 90' lang='lat' dir='ltr'><strong>primum</strong></span> <span class='ocrx_word' id='word_1_292' title='bbox 730 3483 881 3547; x_wconf 82' lang='lat' dir='ltr'><strong>praesidem</strong></span> <span class='ocrx_word' id='word_1_293' title='bbox 906 3490 932 3533; x_wconf 92' lang='lat' dir='ltr'><strong>et</strong></span> <span class='ocrx_word' id='word_1_294' title='bbox 957 3498 1080 3550; x_wconf 80' lang='lat' dir='ltr'><strong>magnum</strong></span> <span class='ocrx_word' id='word_1_295' title='bbox 1105 3483 1230 3535; x_wconf 76' lang='lat' dir='ltr'><strong>factionis</strong></span> <span class='ocrx_word' id='word_1_296' title='bbox 1255 3483 1370 3534; x_wconf 85' lang='lat' dir='ltr'><strong>ducem:</strong></span> 
     </span>
     <span class='ocr_line' id='line_1_34' title="bbox 261 3546 1468 3627; baseline 0.007 -32"><span class='ocrx_word' id='word_1_297' title='bbox 261 3546 308 3613; x_wconf 81' lang='lat' dir='ltr'><strong>qai</strong></span> <span class='ocrx_word' id='word_1_298' title='bbox 327 3548 433 3614; x_wconf 84' lang='lat' dir='ltr'><strong>quidem</strong></span> <span class='ocrx_word' id='word_1_299' title='bbox 452 3549 597 3601; x_wconf 87' lang='lat' dir='ltr'><strong>adveniens</strong></span> <span class='ocrx_word' id='word_1_300' title='bbox 614 3551 647 3602; x_wconf 87' lang='lat' dir='ltr'><strong>ad</strong></span> <span class='ocrx_word' id='word_1_301' title='bbox 666 3558 816 3627; x_wconf 70' lang='lat' dir='ltr'><strong>tyranuum,</strong></span> <span class='ocrx_word' id='word_1_302' title='bbox 836 3568 890 3604; x_wconf 91' lang='lat' dir='ltr'><strong>non</strong></span> <span class='ocrx_word' id='word_1_303' title='bbox 905 3557 992 3606; x_wconf 88' lang='lat' dir='ltr'><strong>statim</strong></span> <span class='ocrx_word' id='word_1_304' title='bbox 1009 3562 1136 3622; x_wconf 87' lang='lat' dir='ltr'><strong>acceptus</strong></span> <span class='ocrx_word' id='word_1_305' title='bbox 1151 3563 1200 3618; x_wconf 87' lang='lat' dir='ltr'><strong>est,</strong></span> <span class='ocrx_word' id='word_1_306' title='bbox 1220 3562 1249 3606; x_wconf 89' lang='lat' dir='ltr'><strong>ut</strong></span> <span class='ocrx_word' id='word_1_307' title='bbox 1267 3570 1282 3605; x_wconf 91' lang='lat' dir='ltr'><strong>a</strong></span> <span class='ocrx_word' id='word_1_308' title='bbox 1300 3568 1371 3621; x_wconf 81' lang='lat' dir='ltr'><strong>rege</strong></span> <span class='ocrx_word' id='word_1_309' title='bbox 1467 3548 1468 3604; x_wconf 77' lang='lat' dir='ltr'><strong>t</strong></span> 
     </span>
     <span class='ocr_line' id='line_1_35' title="bbox 260 3617 1468 3697; baseline 0.01 -31"><span class='ocrx_word' id='word_1_310' title='bbox 260 3617 368 3683; x_wconf 86' lang='lat' dir='ltr'><strong>missas,</strong></span> <span class='ocrx_word' id='word_1_311' title='bbox 386 3634 477 3687; x_wconf 87' lang='lat' dir='ltr'><strong>neque</strong></span> <span class='ocrx_word' id='word_1_312' title='bbox 498 3620 635 3688; x_wconf 84' lang='lat' dir='ltr'><strong>colloquio</strong></span> <span class='ocrx_word' id='word_1_313' title='bbox 655 3623 751 3691; x_wconf 82' lang='lat' dir='ltr'><strong>dignus</strong></span> <span class='ocrx_word' id='word_1_314' title='bbox 770 3633 809 3674; x_wconf 88' lang='lat' dir='ltr'><strong>est</strong></span> <span class='ocrx_word' id='word_1_315' title='bbox 839 3625 944 3677; x_wconf 88' lang='lat' dir='ltr'><strong>babitus</strong></span> <span class='ocrx_word' id='word_1_316' title='bbox 965 3642 999 3677; x_wconf 88' lang='lat' dir='ltr'><strong>cx</strong></span> <span class='ocrx_word' id='word_1_317' title='bbox 1016 3641 1090 3697; x_wconf 84' lang='lat' dir='ltr'><strong>merc</strong></span> <span class='ocrx_word' id='word_1_318' title='bbox 1109 3626 1282 3678; x_wconf 75' lang='lat' dir='ltr'><strong>militantium</strong></span> <span class='ocrx_word' id='word_1_319' title='bbox 1296 3628 1372 3677; x_wconf 82' lang='lat' dir='ltr'><strong>circa</strong></span> <span class='ocrx_word' id='word_1_320' title='bbox 1467 3656 1468 3666; x_wconf 40' lang='grc' dir='ltr'><strong><em>ι</em></strong></span> 
     </span>
     <span class='ocr_line' id='line_1_36' title="bbox 261 3691 1372 3765; baseline 0.007 -28"><span class='ocrx_word' id='word_1_321' title='bbox 261 3696 354 3759; x_wconf 81' lang='lat' dir='ltr'><strong>aperta</strong></span> <span class='ocrx_word' id='word_1_322' title='bbox 371 3691 497 3755; x_wconf 84' lang='lat' dir='ltr'><strong>tentoria,</strong></span> <span class='ocrx_word' id='word_1_323' title='bbox 519 3692 565 3742; x_wconf 89' lang='lat' dir='ltr'><strong>sed</strong></span> <span class='ocrx_word' id='word_1_324' title='bbox 585 3707 599 3741; x_wconf 91' lang='lat' dir='ltr'><strong>e</strong></span> <span class='ocrx_word' id='word_1_325' title='bbox 618 3695 705 3759; x_wconf 86' lang='lat' dir='ltr'><strong>spatio</strong></span> <span class='ocrx_word' id='word_1_326' title='bbox 723 3694 777 3745; x_wconf 91' lang='lat' dir='ltr'><strong>diei</strong></span> <span class='ocrx_word' id='word_1_327' title='bbox 800 3698 939 3763; x_wconf 91' lang='lat' dir='ltr'><strong>quominus</strong></span> <span class='ocrx_word' id='word_1_328' title='bbox 958 3699 1118 3765; x_wconf 87' lang='lat' dir='ltr'><strong>procederet</strong></span> <span class='ocrx_word' id='word_1_329' title='bbox 1136 3699 1288 3764; x_wconf 82' lang='lat' dir='ltr'><strong>impeditus,</strong></span> <span class='ocrx_word' id='word_1_330' title='bbox 1307 3698 1372 3747; x_wconf 89' lang='lat' dir='ltr'><strong>die.</strong></span> 
     </span>
     <span class='ocr_line' id='line_1_37' title="bbox 260 3756 1372 3837; baseline 0.007 -30"><span class='ocrx_word' id='word_1_331' title='bbox 260 3756 310 3808; x_wconf 87' lang='lat' dir='ltr'><strong>bus</strong></span> <span class='ocrx_word' id='word_1_332' title='bbox 331 3759 469 3811; x_wconf 79' lang='lat' dir='ltr'><strong>nonnuliis</strong></span> <span class='ocrx_word' id='word_1_333' title='bbox 488 3769 549 3829; x_wconf 89' lang='lat' dir='ltr'><strong>post</strong></span> <span class='ocrx_word' id='word_1_334' title='bbox 566 3766 711 3815; x_wconf 85' lang='lat' dir='ltr'><strong>arcessitus</strong></span> <span class='ocrx_word' id='word_1_335' title='bbox 731 3773 772 3817; x_wconf 90' lang='lat' dir='ltr'><strong>est</strong></span> <span class='ocrx_word' id='word_1_336' title='bbox 790 3767 822 3819; x_wconf 94' lang='lat' dir='ltr'><strong>ad</strong></span> <span class='ocrx_word' id='word_1_337' title='bbox 845 3769 1093 3837; x_wconf 86' lang='lat' dir='ltr'><strong>interrogationem.</strong></span> <span class='ocrx_word' id='word_1_338' title='bbox 1132 3771 1298 3821; x_wconf 81' lang='lat' dir='ltr'><strong>extrinsecus</strong></span> <span class='ocrx_word' id='word_1_339' title='bbox 1318 3784 1372 3819; x_wconf 90' lang='lat' dir='ltr'><strong>an.</strong></span> 
     </span>
     <span class='ocr_line' id='line_1_38' title="bbox 260 3832 1467 3908; baseline 0.011 -29"><span class='ocrx_word' id='word_1_340' title='bbox 260 3834 314 3879; x_wconf 86' lang='lat' dir='ltr'><strong>tem</strong></span> <span class='ocrx_word' id='word_1_341' title='bbox 333 3832 470 3897; x_wconf 90' lang='lat' dir='ltr'><strong>accipiens</strong></span> <span class='ocrx_word' id='word_1_342' title='bbox 489 3833 559 3884; x_wconf 89' lang='lat' dir='ltr'><strong>huuc</strong></span> <span class='ocrx_word' id='word_1_343' title='bbox 589 3850 671 3903; x_wconf 83' lang='lat' dir='ltr'><strong>eques</strong></span> <span class='ocrx_word' id='word_1_344' title='bbox 691 3836 843 3903; x_wconf 80' lang='lat' dir='ltr'><strong>Brycunius</strong></span> <span class='ocrx_word' id='word_1_345' title='bbox 868 3841 984 3908; x_wconf 89' lang='lat' dir='ltr'><strong>peditem</strong></span> <span class='ocrx_word' id='word_1_346' title='bbox 1013 3843 1080 3893; x_wconf 89' lang='lat' dir='ltr'><strong>vidit</strong></span> <span class='ocrx_word' id='word_1_347' title='bbox 1108 3843 1134 3891; x_wconf 91' lang='lat' dir='ltr'><strong>in</strong></span> <span class='ocrx_word' id='word_1_348' title='bbox 1154 3841 1274 3893; x_wconf 86' lang='lat' dir='ltr'><strong>sentibus</strong></span> <span class='ocrx_word' id='word_1_349' title='bbox 1293 3846 1371 3891; x_wconf 86' lang='lat' dir='ltr'><strong>stan.</strong></span> <span class='ocrx_word' id='word_1_350' title='bbox 1466 3898 1467 3903; x_wconf 10' lang='grc' dir='ltr'><strong><em>η</em></strong></span> 
     </span>
     <span class='ocr_line' id='line_1_39' title="bbox 260 3903 1467 3980; baseline 0.011 -30"><span class='ocrx_word' id='word_1_351' title='bbox 260 3906 336 3965; x_wconf 86' lang='lat' dir='ltr'><strong>tem,</strong></span> <span class='ocrx_word' id='word_1_352' title='bbox 364 3910 392 3953; x_wconf 91' lang='lat' dir='ltr'><strong>et</strong></span> <span class='ocrx_word' id='word_1_353' title='bbox 412 3903 445 3954; x_wconf 89' lang='lat' dir='ltr'><strong>ab</strong></span> <span class='ocrx_word' id='word_1_354' title='bbox 465 3904 498 3956; x_wconf 90' lang='lat' dir='ltr'><strong>iis</strong></span> <span class='ocrx_word' id='word_1_355' title='bbox 517 3905 562 3973; x_wconf 91' lang='lat' dir='ltr'><strong>qui</strong></span> <span class='ocrx_word' id='word_1_356' title='bbox 581 3908 651 3958; x_wconf 91' lang='lat' dir='ltr'><strong>circa</strong></span> <span class='ocrx_word' id='word_1_357' title='bbox 672 3923 731 3958; x_wconf 90' lang='lat' dir='ltr'><strong>eum</strong></span> <span class='ocrx_word' id='word_1_358' title='bbox 752 3917 843 3975; x_wconf 87' lang='lat' dir='ltr'><strong>erant,</strong></span> <span class='ocrx_word' id='word_1_359' title='bbox 863 3910 1000 3967; x_wconf 84' lang='lat' dir='ltr'><strong>delusum:</strong></span> <span class='ocrx_word' id='word_1_360' title='bbox 1019 3928 1107 3979; x_wconf 85' lang='lat' dir='ltr'><strong>neque</strong></span> <span class='ocrx_word' id='word_1_361' title='bbox 1127 3914 1178 3963; x_wconf 92' lang='lat' dir='ltr'><strong>iam</strong></span> <span class='ocrx_word' id='word_1_362' title='bbox 1197 3919 1275 3980; x_wconf 91' lang='lat' dir='ltr'><strong>pacta</strong></span> <span class='ocrx_word' id='word_1_363' title='bbox 1293 3912 1372 3962; x_wconf 85' lang='lat' dir='ltr'><strong>acci·-</strong></span> <span class='ocrx_word' id='word_1_364' title='bbox 1466 3906 1467 3921; x_wconf 59' lang='lat'>¹</span> 
     </span>
     <span class='ocr_line' id='line_1_40' title="bbox 260 3971 1371 4051; baseline 0.011 -30"><span class='ocrx_word' id='word_1_365' title='bbox 260 3971 340 4037; x_wconf 84' lang='lat' dir='ltr'><strong>piens</strong></span> <span class='ocrx_word' id='word_1_366' title='bbox 359 3976 473 4041; x_wconf 85' lang='lat' dir='ltr'><strong>turpiter</strong></span> <span class='ocrx_word' id='word_1_367' title='bbox 500 3976 570 4028; x_wconf 88' lang='lat' dir='ltr'><strong>huuc</strong></span> <span class='ocrx_word' id='word_1_368' title='bbox 596 3979 710 4030; x_wconf 85' lang='lat' dir='ltr'><strong>dimisit:</strong></span> <span class='ocrx_word' id='word_1_369' title='bbox 736 3982 763 4033; x_wconf 92' lang='lat' dir='ltr'><strong>id</strong></span> <span class='ocrx_word' id='word_1_370' title='bbox 782 3983 852 4050; x_wconf 88' lang='lat' dir='ltr'><strong>qucd</strong></span> <span class='ocrx_word' id='word_1_371' title='bbox 880 3998 915 4033; x_wconf 90' lang='lat' dir='ltr'><strong>nc</strong></span> <span class='ocrx_word' id='word_1_372' title='bbox 935 3985 962 4034; x_wconf 91' lang='lat' dir='ltr'><strong>iu</strong></span> <span class='ocrx_word' id='word_1_373' title='bbox 991 3984 1096 4037; x_wconf 86' lang='lat' dir='ltr'><strong>vilioris</strong></span> <span class='ocrx_word' id='word_1_374' title='bbox 1116 3985 1221 4051; x_wconf 90' lang='lat' dir='ltr'><strong>quidem</strong></span> <span class='ocrx_word' id='word_1_375' title='bbox 1240 3983 1371 4050; x_wconf 86' lang='lat' dir='ltr'><strong>principis</strong></span> 
     </span>
     <span class='ocr_line' id='line_1_41' title="bbox 234 4040 1467 4122; baseline 0.008 -26"><span class='ocrx_word' id='word_1_376' title='bbox 234 4093 236 4096; x_wconf 88' lang='lat'>.</span> <span class='ocrx_word' id='word_1_377' title='bbox 260 4040 380 4111; x_wconf 76' lang='lat' dir='ltr'><strong>legatum</strong></span> <span class='ocrx_word' id='word_1_378' title='bbox 400 4048 580 4104; x_wconf 85' lang='lat' dir='ltr'><strong>committendi</strong></span> <span class='ocrx_word' id='word_1_379' title='bbox 601 4066 658 4103; x_wconf 90' lang='lat' dir='ltr'><strong>mos</strong></span> <span class='ocrx_word' id='word_1_380' title='bbox 678 4060 803 4105; x_wconf 74' lang='lat' dir='ltr'><strong>estsere</strong></span> <span class='ocrx_word' id='word_1_381' title='bbox 822 4056 1011 4122; x_wconf 79' lang='lat' dir='ltr'><strong>regnantibus:</strong></span> <span class='ocrx_word' id='word_1_382' title='bbox 1041 4065 1158 4109; x_wconf 88' lang='lat' dir='ltr'><strong>sanctum</strong></span> <span class='ocrx_word' id='word_1_383' title='bbox 1183 4058 1251 4108; x_wconf 91' lang='lat' dir='ltr'><strong>cuim</strong></span> <span class='ocrx_word' id='word_1_384' title='bbox 1272 4069 1371 4122; x_wconf 85' lang='lat' dir='ltr'><strong>corpus</strong></span> <span class='ocrx_word' id='word_1_385' title='bbox 1466 4060 1467 4067; x_wconf 78' lang='grc'>’</span> 
     </span>
     <span class='ocr_line' id='line_1_42' title="bbox 259 4110 1372 4197; baseline 0.01 -30"><span class='ocrx_word' id='word_1_386' title='bbox 259 4110 367 4185; x_wconf 67' lang='lat' dir='ltr'><strong>legatas</strong></span> <span class='ocrx_word' id='word_1_387' title='bbox 393 4116 524 4187; x_wconf 86' lang='lat' dir='ltr'><strong>babetur,</strong></span> <span class='ocrx_word' id='word_1_388' title='bbox 544 4128 670 4192; x_wconf 88' lang='lat' dir='ltr'><strong>tauquam</strong></span> <span class='ocrx_word' id='word_1_389' title='bbox 687 4124 789 4179; x_wconf 85' lang='lat' dir='ltr'><strong>medius</strong></span> <span class='ocrx_word' id='word_1_390' title='bbox 809 4125 878 4178; x_wconf 88' lang='lat' dir='ltr'><strong>iuter</strong></span> <span class='ocrx_word' id='word_1_391' title='bbox 898 4129 1051 4197; x_wconf 87' lang='lat' dir='ltr'><strong>oppositos,</strong></span> <span class='ocrx_word' id='word_1_392' title='bbox 1071 4136 1098 4181; x_wconf 88' lang='lat' dir='ltr'><strong>et</strong></span> <span class='ocrx_word' id='word_1_393' title='bbox 1116 4142 1209 4196; x_wconf 84' lang='lat' dir='ltr'><strong>pacem</strong></span> <span class='ocrx_word' id='word_1_394' title='bbox 1229 4126 1321 4181; x_wconf 78' lang='lat' dir='ltr'><strong>ferens</strong></span> <span class='ocrx_word' id='word_1_395' title='bbox 1343 4132 1372 4179; x_wconf 86' lang='lat' dir='ltr'><strong>et</strong></span> 
     </span>
    </p>
   </div>
   <div class='ocr_carea' id='block_1_8' title="bbox 0 0 1488 4825">
    <p class='ocr_par' dir='ltr' id='par_1_8' title="bbox 0 0 1488 4825">
     <span class='ocr_line' id='line_1_43' title="bbox 0 0 1488 4825; baseline 0 4"><span class='ocrx_word' id='word_1_396' title='bbox 0 0 1488 4825; x_wconf 95' lang='lat' dir='ltr'><strong> </strong></span> 
     </span>
    </p>
   </div>
  </div>
 </body>
</html>
