2967 4825
594 337 802 407 flts'tOItIA.
1179 342 1247 417 177

142 511 245 570 ματι,
269 488 323 556 τὸν
349 490 644 615 ἀποβεβληκότα
610 524 666 583 τήν
685 505 852 584 βασιλείαν
871 504 928 571 καί
941 506 996 572 σοι’
1014 532 1141 595 ταυτην,
1153 515 1251 623 apod-
1327 589 1330 593 ,

141 610 264 671 μενον,
284 589 337 657 τὸν
361 592 396 657 εἰι
416 585 616 683 πορφυρίδος
642 599 920 689 ραιιοδυτήσαντα,
954 606 1009 673 τὸν
1030 611 1076 685 είς
1096 613 1166 693 βιόν
1188 616 1251 695 μο-

142 690 227 809 νήρη
252 691 532 819 μεταλλοξρὶμενον
565 700 702 779 καὶτοῖς
731 708 849 789 γηίνοις
877 707 974 777 πᾶσιν
1001 708 1249 795 ἄποταξᾰμενον,
1339 746 1348 755 ·

139 791 202 855 τόν
223 793 342 881 α’σδενή
364 821 415 863 και
436 805 627 884 παρειμένον
641 830 695 869 ναι
691 803 920 893 οἷκεσοοδῦνου
940 813 1059 892 μᾶλλον
1073 814 1248 897 θεραπείας

100 899 126 951 5
140 917 199 957 και
214 900 424 981 ψυχαγαγιυις
446 900 702 993 ε’πιδεδμενον,ι
673 931 727 972 τον
740 907 933 994 α’πειρηκότα
946 918 1012 987 τοῖς
1033 908 1130 993 δ’λοις,
1146 913 1249 979 α’σδε·

136 996 257 1060 νοῦντιι
284 1001 339 1063 καί
359 998 633 1126 κακουχούμενρν,
663 1006 718 1073 τόν
741 1009 785 1097 οὖς
819 1011 961 1105 κάλαμον
982 1016 1247 1099 συντετριμμένον

134 1098 200 1161 και
226 1089 358 1183 ὄμβροις
386 1103 587 1188 δατρυοτν’
572 1104 755 1195 εκτετήκότα
786 1110 862 1188 τούς
898 1110 1089 1200 δφδαλμους
1115 1119 1172 1182 ιιαι
1207 1116 1245 1183 td

134 1197 320 1280 πρόσωπον.
372 1204 441 1268 ἀλλ’
473 1207 504 1271 εἰ
531 1207 587 1273 καί
616 1214 716 1275 ταῦτα
748 1216 883 1279 τοιαῦτα
914 1240 966 1289 ναι
997 1220 1135 1283 τοσαῦτα
1166 1216 1245 1305 πρὸς

126 1298 242 1365 πειθώ
266 1305 511 1391 παρακλήσεως,
536 1312 658 1392 μᾶλλον
689 1316 724 1377 δὲ
748 1319 844 1379 πλείω
875 1314 1009 1402 τούτων,
1044 1340 1107 1406 oapi
1131 1316 1185 1383 καί
1205 1314 1242 1383 τυ

72 1410 119 1465 10
133 1402 305 1487 υἷγμελιιιόν
325 1411 436 1491 σχῆμα
456 1417 627 1497 σιωπηραῖς
646 1438 698 1479 σοι
714 1413 914 1537 παρίσταται
935 1414 1013 1503 πρὸς
1034 1416 1242 1504 παρακλήσιν,

132 1505 222 1572 ἀλλὰ
250 1505 291 1573 συ
325 1506 449 1585 πάντας
480 1515 524 1601 τῷ
550 1518 647 1603 θυμῷ
665 1520 721 1581 καί
741 1544 777 1605 τη
765 1518 956 1607 ἐπιθυμίᾳ
981 1520 1038 1583 τοῦ
1059 1518 1242 1603 βασιλεύειν

132 1610 299 1731 ἐπιμανῶς
331 1613 388 1676 aad
414 1612 594 1697 αἰιορέστως
621 1614 657 1682 τό
688 1626 797 1683 πλεῖον
825 1622 880 1703 τής
911 1619 1012 1705 ροπής
1040 1620 1241 1702 ε’πιδώσειας,

129 1709 217 1795 μήτε
240 1708 273 1777 td
296 1716 408 1798 σχῆμα
437 1712 624 1797 αι’δουμενος
651 1718 730 1802 μήτε
755 1720 813 1805 τήν
840 1723 992 1810 μητρῴαν
1013 1713 1171 1807 θηλήν,
1150 1746 1189 1806 ης
1211 1718 1242 1787 ot

131 1809 284 1888 παῖδες’
270 1815 391 1879 εκείνυυ
412 1839 466 1880 aot
485 1815 539 1881 σοί
559 1818 696 1906 α’δελφυί
726 1844 838 1897 ιιοινως
859 1824 1080 1945 μετεσχήκατε.
1123 1814 1239 1903 οψεται

72 1915 119 1967 15
133 1914 171 1976 δὲ
195 1913 320 1992 πάντως
342 1940 395 1980 και
391 1917 454 1981 σέ
475 1940 549 1983 ποτε
571 1937 658 2002 ομμο
676 1924 844 1999 τίτανωδες
865 1948 918 1987 και
928 1922 1086 2041 ιιρόνιον,
1107 1925 1161 1986 καί
1180 1942 1238 1996 τας

129 2037 237 2097 τυχας
251 2039 303 2080 σοι
324 2016 406 2101 πρὸς
425 2015 484 2102 τήν
504 2017 619 2100 ὁμοίαν
640 2020 839 2108 παραστήσει
859 2019 1028 2107 ιιαιιότήτα.

231 2114 329 2184 'Atat
358 2143 462 2185 ταυτα
489 2123 549 2201 μὲν
581 2146 625 2197 ιυς
653 2124 749 2186 ἐν
707 2147 750 2213 τρι
780 2125 954 2212 τραγῳδίας
986 2121 1102 2211 τρύφει
1126 2120 1179 2189 διὰ
1201 2123 1265 2198 τὸς.
1279 2140 1363 2202 2042,

128 2217 236 2295 πάθος
250 2220 602 2345 παρενβατιιιιίττρον’
576 2221 710 2308 είρητυι.
754 2225 1016 2310 ἐπιφοιτήσαντος
1033 2228 1068 2291 δὲ
1082 2229 1138 2291 τοῦ
1153 2251 1239 2311 παρ·
1302 2303 1303 2306 ¹

128 2321 297 2386 ναιιιστυυ
312 2321 428 2386 τούτου
456 2325 511 2387 καί
532 2316 661 2390 ἀνοσίου
692 2323 950 2411 προστάγματος,
972 2326 1119 2410 δεύτερος
1141 2327 1237 2392 πάλιν
1300 2318 1307 2327 “

69 2421 222 2505 aodyov
240 2420 258 2486 δ
278 2425 354 2507 περί
374 2428 483 2509 φυχής
512 2451 565 2490 και
561 2425 688 2511 φόβος
709 2418 773 2502 οἷος
799 2426 855 2492 καί
881 2423 999 2505 κλόνος
1013 2426 1238 2514 υἷπαραμίδή-

131 2548 190 2601 τος
208 2547 264 2590 τον
284 2528 318 2592 dr
336 2523 499 2605 τοσούτοις
519 2530 673 2610 κατέλαβε
694 2525 929 2612 δυστυχήμασι.
986 2528 1035 2592 διὸ
1059 2531 1114 2593 καί
1133 2535 1238 2611 λιταίς

130 2634 203 2702 τοῖς
221 2629 297 2693 ποσί
313 2628 375 2693 τοῖν
396 2629 497 2695 εἰιεῖσε
518 2630 695 2715 α’ρχιερέοον
722 2630 925 2712 ἐκυλινδεῖτο,
947 2629 1002 2696 καί
1023 2627 1081 2715 τήν
1103 2631 1137 2695 δυ
1157 2630 1236 2701 τοτ’·

129 2753 198 2795 τυον
217 2723 380 2815 βοήθειαν,
403 2723 462 2818 ὅση
485 2754 533 2807 τις
554 2731 574 2817 ή
597 2731 702 2814 ἰσχύς,
722 2729 803 2815 μετὰ
826 2732 1009 2800 κατωδύνου
1033 2736 1088 2798 καί
1108 2727 1237 2822 υἷφορή-

129 3049 178 3115 ait,
200 3048 292 3117 quiin
310 3047 391 3100 vitam
410 3015 556 3100 solitariam
573 3038 719 3113 transierit,
739 3053 767 3098 et
784 3046 899 3099 terrenis
918 3047 1039 3100 omnibus
1065 3063 1095 3100 ie
1123 3047 1233 3114 abdica.

129 3121 215 3185 verit,
235 3119 281 3190 qai
295 3120 415 3173 inbrmaa
435 3127 462 3171 et
478 3118 591 3172 relictus
611 3119 692 3171 inerit
719 3127 747 3172 et
771 3119 856 3188 magia
882 3117 990 3172 dolores
1014 3116 1134 3184 leniente
1159 3107 1234 3172 culta

130 3194 269 3260 animique
287 3192 467 3244 moderamine
486 3191 641 3259 indiguerit,
660 3192 706 3259 qui
723 3190 885 3258 defatigatus
904 3189 1025 3241 omnibus
1051 3191 1235 3257 aegrotaverit

131 3273 161 3317 et
181 3271 292 3317 vexatur
312 3265 362 3328 ait,
383 3264 428 3332 qui
448 3271 478 3315 at
495 3261 611 3314 calamna
633 3262 772 3315 coniectas
796 3264 831 3316 ait
860 3270 887 3312 et
912 3261 1039 3313 imbribus
1064 3261 1233 3313 lacrimarum

128 3342 281 3388 maoeratua
306 3337 334 3387 in
354 3335 440 3388 ooalia
467 3343 493 3387 et
520 3349 591 3397 οτο.Ι
614 3335 662 3389 aed
681 3335 783 3387 etiamsi
800 3334 866 3386 haec
884 3332 948 3384 talia
967 3340 994 3385 et
1018 3340 1089 3384 tanta
1106 3333 1138 3385 ad
1167 3348 1234 3385 aaa·

129 3407 220 3462 delam
238 3407 426 3459 admonitionia
444 3408 505 3459 aive
522 3408 613 3473 potino
635 3406 677 3459 bia
695 3407 797 3458 maiora
815 3406 968 3473 pertinent,·
988 3404 1146 3472 praesertim
1172 3419 1232 3456 oum

128 3480 239 3534 babitno
256 3481 418 3532 monasticar
436 3481 517 3531 tacite
536 3479 585 3531 tibi
603 3479 690 3530 adstet
706 3478 739 3530 ad
756 3479 979 3530 admonitionem:
998 3477 1046 3529 aed
1069 3484 1098 3528 ta
1122 3477 1232 3529 omnino
1285 3469 1289 3478 '

127 3553 221 3606 animo
241 3560 281 3604 et
284 3552 422 3620 cupiditati
440 3551 570 3620 regnandi
594 3551 673 3603 avide
698 3558 725 3602 et
750 3551 911 3617 impotenter
928 3547 1076 3618 ‘plurimum
1105 3548 1232 3601 momenti

128 3625 284 3688 tribueret,
310 3638 400 3691 neque
419 3622 536 3675 habitam
558 3625 660 3675 veritae
678 3638 767 3708 neque
794 3631 938 3675 maternam
968 3635 1126 3687 mammam,
1155 3621 1232 3673 onina

127 3698 183 3751 tilii
200 3696 275 3749 illios
294 3697 386 3764 tuique
406 3693 501 3748 fratrea
521 3711 607 3764 aeque
629 3696 775 3763 participes
795 3695 893 3747 inistis
919 3692 1032 3745 ridebit
1055 3700 1143 3744 autern
1171 3705 1233 3744 om

126 3771 196 3824 nino
216 3769 295 3820 etiam
313 3775 340 3818 et
357 3765 501 3851 aliquando
521 3765 614 3819 oculus
632 3768 746 3835 punient
766 3774 792 3818 et
811 3766 969 3834 perficiens,
990 3772 1017 3816 et
1032 3763 1163 3817 fortunam
1182 3756 1233 3818 abt

127 3855 181 3912 pro
199 3839 280 3893 iimili
300 3839 447 3891 eonatituet
470 3840 611 3905 pravitate.

231 3927 283 3982 Sed
302 3926 369 3979 haee
389 3928 464 3997 quati
482 3930 510 3979 in
529 3927 684 3998 tragoediae
703 3927 789 3979 frusto
804 3933 913 3993 propter
932 3923 1051 3977 dolorem
1069 3923 1149 3977 latiae
1169 3932 1231 3978 aunt

128 3999 314 4053 dictandam
334 4009 422 4052 autem
443 3999 562 4084 permalo
575 3999 626 4051 hoo
646 4006 673 4050 et
690 3999 771 4066 impio
792 3998 879 4049 edicto
898 3995 1011 4048 alterum
1030 4011 1120 4049 ruram
1140 4005 1232 4049 eorta-

124 4087 191 4125 τοττι
209 4073 283 4125 vitae
303 4080 329 4124 et
346 4080 435 4125 terror
452 4073 548 4139 ingena
569 4079 595 4123 et
612 4070 690 4122 turba
707 4067 878 4121 immutabilia
897 4067 967 4119 huno
985 4067 1065 4119 tantia
1078 4067 1154 4120 melia
1174 4069 1232 4120 oir-

126 4145 278 4198 oumdatum
296 4145 411 4197 deiecit:
432 4143 602 4213 quamobrem
623 4144 702 4194 etiam
724 4140 848 4210 precibua
874 4147 935 4192 ante
960 4139 1043 4206 pedeo
1071 4155 1231 4192 summorum

125 4217 165 4270 ibi
185 4217 347 4270 versantium
365 4216 521 4284 pontiboum
546 4215 727 4283 reprobarit,
754 4221 780 4266 et
800 4212 893 4264 borum
915 4211 1053 4276 auxilium,
1073 4219 1170 4278 quanta
1189 4217 1231 4262 eat

124 4290 171 4342 ria
191 4305 264 4354 „enm
289 4289 388 4341 misero
415 4296 442 4340 et
468 4286 633 4340 intolerabili
657 4288 775 4354 impetu,
809 4283 951 4338 invocabat
984 4283 1079 4337 aalide.
1120 4284 1232 4336 aderant

174 4386 256 4441 liet.
275 4386 357 4441 attat
375 4383 443 4439 ilat.
1014 4381 1048 4435 12
