2967 4825
257 248 322 331 to-
561 230 777 331 nicolaus
807 258 1068 329 offensores
1138 306 1142 311 -

257 427 355 514 μόνον
378 429 449 495 ἄλλ’
472 419 534 512 ἤδη
548 426 605 493 καί
624 434 688 503 τοῖς
708 411 897 512 βαρβάρως,
918 427 963 505 ὥς
976 426 1066 515 μάχη
1082 422 1281 512 κεκρατηκάς
1302 424 1369 491 τοά

258 533 448 617 κρατοῦντος
480 528 537 594 καί
569 528 720 618 φασγάνῳ
744 531 898 615 τοσαύτην
931 526 1035 614 α’ρχην
1057 527 1206 614 δυνηθείς
1223 526 1368 610 περιζώ-

258 636 389 699 σασθοι.
433 638 698 717 οτηλογραφεῖται
722 634 758 695 δὲ
773 630 829 695 καί
846 632 1044 712 ἐσπασμένον
1066 627 1148 713 ἔχων
1171 629 1227 693 τόν
1249 628 1368 694 άκινά-

258 758 314 821 κην
336 737 380 825 τῷ
400 738 511 823 κηνορι,
531 736 586 798 καί
599 727 683 798 οότω
708 735 764 817 τῆς
783 734 948 814 βασιλείας
969 735 1024 797 καί
1036 735 1098 798 τάν
1116 731 1232 817 ταύτης
1256 730 1367 816 α’πάρ·

257 860 349 921 χεται
370 840 523 921 πράξεων.
577 836 769 921 φιλοτίμοις
783 826 838 897 σάν
861 830 936 910 τοός
963 838 1203 918 συναραμένους
1225 835 1281 897 καί
1304 836 1398 897 συ-5

258 939 532 1021 νογωνισαμένους
571 934 651 1019 πρὸς
682 933 718 998 τό
757 932 951 1019 κατόρθωμα
982 933 1144 1017 κοσμήσας
1170 940 1277 1015 τιμαῖς
1312 935 1372 997 καί

211 1066 213 1081 ·
259 1035 451 1126 φροντιστὰς
471 1035 607 1111 πολλοὺς
629 1038 691 1101 τάν
713 1035 874 1119 δημοσίων
895 1034 1066 1113 α’ποδείξας
1088 1031 1263 1116 συλλόγων,
1283 1027 1370 1099 οὕτω

258 1140 314 1205 καί
324 1137 356 1204 τό
374 1136 544 1223 δημοτικόν
557 1141 612 1223 τῆς
623 1134 842 1223 προσηκούσης
852 1140 946 1221 τιμῆς
959 1139 1051 1215 α’ξιοῖ.
1065 1134 1126 1217 πρό
1140 1136 1175 1198 δὲ
1189 1139 1252 1198 τοῖν
1262 1124 1371 1199 ἄλλων

259 1243 340 1305 nolti
361 1266 392 1305 τι
423 1244 525 1321 νέμων
547 1240 655 1316 αι’όοῦς
676 1242 718 1327 τῷ
748 1237 944 1327 πατριάρχη,
965 1234 1020 1303 ίσα
1042 1235 1097 1301 κατ’
1113 1238 1237 1318 πατέρα
1257 1231 1370 1317 ἐτίμα,

260 1338 315 1405 καί
340 1337 416 1416 τοός
444 1337 560 1404 τοότου
589 1337 740 1423 άνεψιοός
769 1346 838 1415 ταῖς
866 1338 1005 1421 πρώταις
1032 1339 1134 1415 α’ξιάις
1158 1338 1212 1399 καί
1231 1335 1369 1419 πράξεσι
1383 1346 1416 1398 10

259 1424 487 1529 περιβλέπτους
508 1435 733 1524 α’ποόεδειχάς.
789 1444 844 1505 καί
876 1440 915 1506 τά
937 1449 1000 1517 τοῖς
1021 1444 1198 1523 βασιλικοῖς
1230 1440 1370 1513 δικαίοις

260 1539 420 1629 προσόντα
442 1539 528 1628 παρά
552 1545 614 1607 τῶν
631 1541 800 1628 ίερατικοίν
816 1543 925 1606 δίκαια
946 1545 983 1630 τῇ
1001 1539 1122 1628 μεγάλη
1142 1515 1289 1628 ε’κκίηοίρι
1308 1564 1369 1602 κα-

259 1649 382 1729 θιεροῖ,
409 1650 464 1710 καί
493 1642 613 1710 τούτων
639 1644 805 1725 άλλοτριοι·
820 1642 1005 1732 παντάπασι
1038 1640 1073 1708 τό
1095 1639 1262 1724 παλάτιον,
1283 1638 1369 1707 οίστε

260 1744 335 1831 μήτ’
354 1748 407 1817 ἐπί
429 1750 484 1831 τῆς
508 1744 686 1827 οἰκονομίας
705 1743 785 1831 μήτε
813 1747 868 1829 τῆς
889 1750 950 1810 τῶν
977 1742 1073 1831 ίεροίν
1095 1748 1265 1829 κειμηλίων
1286 1766 1369 1828 προ-

261 1848 348 1919 νοιάς
377 1851 433 1912 καί
466 1848 661 1930 προστασίας
692 1843 780 1929 παρά
809 1852 966 1929 βασιλέως
993 1843 1061 1911 τινά
1090 1847 1369 1933 προχειρίζεσθαι,
1380 1856 1413 1908 15

262 1942 345 2009 άλλά
365 1948 419 2030 τῆς
436 1952 492 2011 τοῦ
515 1948 716 2028 πατριάρχου
731 1946 882 2023 ἐξουσίας
900 1949 1061 2031 ἠρτῆσθαι
1083 1949 1139 2009 καί
1156 1944 1213 2029 τὴν
1232 1950 1370 2029 προχεί-

264 2068 349 2131 ρισιν
372 2049 434 2110 τοῖν
455 2044 632 2130 προσοίπων
653 2044 783 2131 κοίτην
812 2050 875 2111 τῶν
898 2044 1093 2129 πραγμάτων
1117 2048 1280 2129 διοίκησιν.

365 2144 434 2211 Καί
454 2142 731 2231 καταστησάμενος
753 2174 770 2211 τ

262 2249 327 2314 τῶν
354 2246 572 2329 ἀναλωμάτων
607 2251 665 2333 τῆς
697 2252 864 2331 βασιλείας
897 2248 952 2314 καί
986 2250 1045 2315 τοῦ
1087 2249 1277 2331 όψωνισμοά
1305 2255 1370 2316 snio

261 2351 468 2436 στρατιωτῶν
489 2352 634 2433 μέγεθος,
657 2352 712 2416 καί
733 2349 776 2426 οἷς
799 2352 929 2434 πόλεμοι
951 2347 1052 2443 τοότηι
1083 2350 1264 2437 πρόκεινται
1286 2355 1414 2417 πολ-20

264 2449 322 2536 λη“ν
345 2449 489 2536 δαπάνην
510 2455 695 2536 ἐφέλκοντες
726 2450 780 2517 διά
811 2451 846 2516 τό
875 2450 949 2530 τοάς
980 2456 1139 2528 ἐναντίους
1171 2457 1366 2537 κατισχῦσαι

263 2552 318 2616 καί
336 2549 539 2634 πανταχόθεν
555 2551 806 2637 κατεπαίρεοθαι
822 2559 885 2620 τῶν
902 2551 1078 2636 Ῥωμαίων.
1122 2557 1177 2620 καί
1192 2555 1369 2641 χρημάτων

264 2653 395 2718 δεῖσθαι
413 2651 596 2741 ἵσκοπηοας,
630 2657 685 2719 καί
704 2651 763 2738 τὴν
784 2654 906 2720 τούτων
938 2655 1091 2741 εὐπορίαν
1123 2660 1271 2741 πλείστην
1292 2649 1369 2740 όσην

263 2793 265 2802 '
337 2807 378 2860 16.
397 2811 586 2881 προχείρηοιν
605 2808 636 2864 G.

270 2979 475 3050 imperatorem,
503 2989 529 3034 et
549 2981 638 3052 gladio
664 2991 764 3036 tanturn
789 2983 927 3052 imperium
946 2983 1076 3052 potuisset
1093 2982 1145 3036 sibi
1163 2982 1321 3050 accingerer
1341 2985 1370 3036 in

180 3119 183 3123 Ι
267 3053 392 3108 columna
412 3055 566 3108 inscribitur
586 3055 663 3107 etiam
681 3056 806 3109 nudatum
824 3055 924 3108 hahens
944 3055 1059 3126 gladium
1079 3071 1095 3106 a
1113 3071 1203 3118 censu,
1216 3062 1242 3105 et
1260 3056 1297 3106 ita
1316 3056 1370 3106 im.

266 3127 371 3196 perium
391 3133 418 3178 et
437 3129 493 3180 cius
512 3145 555 3180 res
575 3129 686 3196 insipit:
707 3129 802 3197 amplis
819 3130 901 3197 igitur
921 3145 977 3193 eos,
998 3129 1042 3196 qui
1062 3127 1094 3177 ei·
1107 3126 1227 3178 auxiliati
1248 3136 1324 3179 erant
1344 3137 1372 3178 et

253 3215 325 3262 *cunr
349 3213 381 3249 co
403 3207 570 3252 certaverant
589 3201 621 3252 ad
640 3215 695 3251 rem
714 3199 783 3252 bene
803 3201 945 3269 gerendam
965 3215 1062 3250 ornans
1081 3199 1236 3262 honoribus,
1258 3207 1284 3249 et
1302 3215 1370 3266 pro.

267 3279 405 3323 curatores
429 3272 526 3324 multos
552 3272 719 3340 publicorum
746 3274 887 3324 instituens
913 3279 1113 3333 conventuum,
1143 3271 1180 3321 ita
1206 3272 1284 3321 etiam
1312 3288 1370 3322 rem

265 3343 400 3410 publicam
425 3352 486 3410 apto
513 3344 615 3396 honore
641 3346 780 3412 dignatur:
800 3353 860 3395 autc
879 3353 982 3395 ceteros
1002 3350 1090 3394 autem
1109 3341 1219 3393 multum
1237 3343 1300 3410 quid
1317 3345 1371 3393 tri.

264 3415 349 3467 buens
368 3417 538 3468 reverentiae
557 3415 731 3490 patriarchae,
753 3430 838 3482 aeque
857 3431 888 3465 ae
907 3422 1006 3483 patrem
1021 3412 1167 3465 honorabat
1186 3429 1255 3477 eum,
1266 3421 1294 3464 et
1312 3415 1371 3466 eius

167 3526 170 3533 ,
265 3487 360 3539 aflines
387 3489 493 3539 summis
518 3489 690 3556 dignitatibus
716 3495 743 3537 et
761 3485 840 3538 rebus
866 3486 984 3537 illustres
1009 3485 1139 3549 reddens,
1171 3493 1197 3536 et
1222 3501 1291 3553 quae
1309 3487 1370 3553 regi

267 3561 337 3610 iusta
357 3567 452 3624 essent,
470 3575 503 3609 ex
522 3561 603 3611 sacris
622 3561 690 3610 iusta
710 3575 823 3626 magnae
843 3558 976 3609 ecclcsiae
996 3558 1115 3620 dedicat,
1135 3565 1215 3624 atque
1236 3556 1277 3607 lris
1297 3557 1369 3608 alie.

265 3637 311 3681 nat
329 3628 456 3696 palatium
477 3631 513 3680 ita
534 3640 562 3682 ut
580 3646 668 3697 neque
687 3631 714 3681 in
734 3631 963 3681 administratione
980 3628 1068 3698 neque
1087 3629 1256 3695 providentia
1275 3644 1371 3680 sacro.

266 3715 325 3752 rum
353 3699 538 3752 thesaurorum
568 3710 594 3752 et
617 3702 812 3770 gubernatione
838 3717 872 3752 ex
895 3703 978 3768 regiis
999 3703 1136 3770 quisquam
1156 3699 1207 3751 hoc
1226 3709 1369 3765 tractaret,

161 3827 172 3836 ,
195 3841 197 3844 Ι
268 3773 314 3825 scd
336 3787 369 3823 ex
387 3773 554 3838 patriarchae
568 3782 700 3841 potestate
714 3775 844 3840 penderet
863 3781 890 3823 ct
909 3775 1009 3824 creatio
1026 3786 1197 3839 personarum
1218 3773 1370 3823 etadmini.

267 3845 359 3896 stratio
378 3860 475 3896 rerum.
704 3892 713 3898 .

349 3938 353 3944 ’
374 3917 408 3969 Ει
426 3927 564 3985 postquam
591 3919 728 3972 constituit
754 3918 893 3985 imperium·
912 3924 1015 3985 spectat
1029 3917 1108 3967 etiam
1127 3915 1226 3969 sumtus
1245 3918 1322 3984 regni
1343 3925 1371 3968 et

268 3988 460 4054 stipendiorum
479 3991 590 4042 militum
610 3990 826 4059 magnitudinem,
838 3999 866 4040 et
883 3989 956 4040 bella
974 3989 1038 4039 huic
1046 3989 1147 4040 instare
1165 3988 1275 4038 multum
1295 4003 1369 4039 sum.

267 4067 322 4110 tum
341 4061 494 4124 moventia,
515 4061 586 4129 quod
607 4062 696 4114 hostes
718 4061 801 4114 validi
822 4069 911 4114 essent
930 4069 956 4112 et
972 4061 1089 4128 undique
1107 4067 1281 4128 assurgerent
1300 4075 1370 4110 con.

272 4139 314 4186 tra
333 4130 468 4195 Graecos,
496 4148 595 4202 eosque
616 4134 783 4186 facultatibus
803 4149 897 4185 carere
915 4133 1128 4184 animadvertens
1147 4140 1176 4182 et
1195 4132 1289 4183 borum
1306 4133 1370 4182 ino.

275 4203 345 4270 piam
370 4204 508 4255 maximam
532 4205 714 4258 inevitabilem
739 4213 879 4273 reputans,
905 4206 996 4274 gravis
1025 4204 1109 4256 iactus
1137 4211 1177 4256 est
1196 4202 1371 4272 vectigalium
