2967 4825
534 312 742 381 maronie.
1113 302 1187 385 uit

98 516 172 576 ιημα
191 492 248 554 καί
267 492 327 555 τοῦ
348 485 411 555 ant
444 489 618 572 λαγοθετάν
640 487 795 575 δάστηνον
826 488 982 575 ἐπινόημα
1003 489 1059 557 καί
1077 494 1115 579 τῇ
1133 494 1190 556 sa’-
1271 560 1274 567 f

96 590 181 681 θηκιζι
198 593 415 675 ἐπιβουλεῦον,
434 591 490 655 τὸν
504 594 776 676 καινοιιργηθάντα
790 597 874 678 φημί
895 590 982 670 ε’κτός
1003 596 1063 659 τοά
1076 586 1189 672 άστεος

98 694 254 780 φούνδοκα
286 693 341 757 κατ’
362 694 523 776 κατεπόθη
553 694 669 778 μέχρις
689 691 833 780 ἐδάφους
853 696 1044 779 διαρροάς,
1071 697 1131 760 τοῦ
1152 697 1189 759 δὲ

34 827 39 839 ·
96 794 221 879 κάστρον
232 798 360 859 Πανίου
383 791 431 859 ἔτι
452 792 498 878 μη
521 781 782 878 σοναπαχθάντος
804 794 911 871 αὐτοῖς
934 797 1188 880 ἐπεστράτευσαν

76 894 122 961 δοῖ
140 899 191 980 τῆς
208 892 396 962 Ῥαιάεστοά
420 898 486 960 κατ’
512 894 635 960 αάτοῦ·
679 899 735 961 κατ’
756 899 798 962 δι’
819 896 946 982 ἡμερῶν
965 900 1061 963 τινοῖν
1081 890 1187 982 παρά·

95 996 273 1082 στησάμενοι
296 997 376 1061 αάτὸ
396 994 486 1072 τινάς
504 1000 564 1078 μὲν
585 997 647 1061 τάν
669 994 759 1063 ἔνδον
781 997 952 1081 ἠμύναντο,
975 997 1047 1075 τοάς
1070 1001 1104 1064 δὲ
1128 992 1188 1065 άλ-
1222 1008 1228 1013 “

95 1108 160 1173 λοος
181 1101 233 1164 ἐπὶ
250 1095 361 1185 χώρας
384 1102 562 1163 κατέλιπον.
585 1095 685 1164 ἔκτοτε
709 1100 744 1163 δὲ
762 1101 803 1163 ου’
818 1103 958 1166 διέλιπον
977 1103 1017 1165 ἐκ
1033 1105 1087 1184 τῆς
1109 1099 1188 1165 άπο-

94 1202 227 1285 στατικῆς
255 1201 372 1283 μοίρας
393 1202 440 1275 εἰς
459 1196 518 1282 την
534 1197 719 1265 Ῥαιδεστὸν
750 1199 1008 1286 παραβάλλοντος
1028 1198 1188 1286 στρατιά·

92 1326 148 1378 ται,
170 1301 222 1366 καί
243 1303 363 1383 μάλλον
398 1295 593 1387 άλλογενεῑς,
620 1300 677 1366 κατ’
694 1299 771 1379 τούς
790 1302 967 1392 περικύκλῳ
988 1300 1106 1387 άγρούς
1128 1307 1187 1367 λο-

62 1398 289 1484 ιομαινάμενοι,
320 1399 479 1488 προφάσει
506 1401 591 1487 τάχα
626 1408 682 1489 τῆς
712 1408 770 1467 τοῦ
797 1402 935 1487 κάοτροιι
965 1405 1110 1490 φυλακῆς
1132 1406 1188 1469 καί

92 1507 321 1587 άιατειχίσεως·
364 1495 461 1587 ἤθελε
482 1502 544 1588 γάρ
568 1507 624 1568 κατ’
645 1502 764 1579 αάτοάς
789 1503 1007 1587 ἧΒατατζῑνα
1029 1504 1072 1567 δι’
1095 1495 1185 1586 ὄγκον

92 1602 305 1690 ὑπερηφανίας
327 1603 381 1669 καί
403 1602 586 1690 άποτροπὴν
600 1609 656 1689 τῆς
676 1601 932 1689 άπαπτεοομένης
950 1605 1032 1692 αιίτῇ
1054 1606 1186 1687 ἐπιβου-

32 1756 40 1766 .
91 1706 139 1788 λῆς
175 1708 230 1771 κατ’
266 1709 516 1789 παρακινησεως.
571 1708 775 1792 συνετηρήθη
802 1708 837 1771 δὲ
858 1705 911 1771 κατ’
941 1704 958 1769 ὅ
983 1706 1187 1787 ναιῖσταθμος

90 1810 137 1871 τοῦ
159 1807 300 1871 τοιοάτοο
332 1804 470 1891 κάστροο
501 1807 719 1890 σκάλοψιοκαί
749 1809 935 1894 περιπάτοις
963 1810 1100 1885 ’ξυλίνοις
1132 1812 1188 1872 κατ’

60 1921 83 1973 15
91 1899 190 1984 ἄλλοις
212 1905 359 1994 ὀργάνοις
379 1914 443 1974 τάν
465 1909 641 1992 άλλοτρίων
664 1912 743 1975 τεάν
769 1912 1018 1991 αἰτοτρεπτικοῖς.
1063 1910 1186 1971 πολλάν

90 2012 120 2075 δὲ
139 1999 236 2075 άντων
267 2011 302 2074 ἐν
330 2013 373 2100 τῷ
394 2014 528 2100 αι’μαλρῖ
551 2013 742 2095 οἰκημάτων,
769 2009 974 2097 καταστροφὴ
1001 2008 1123 2075 τούτων
1143 2009 1184 2071 δι’

89 2111 316 2199 άπονοοομὲνην
340 2112 549 2199 κατεπράχθη
577 2116 734 2179 ἐπίθεσιν.
789 2113 844 2179 καί
865 2112 974 2189 άπλιὸς
995 2113 1184 2199 πάντατα-

88 2216 181 2296 ραχῆς
201 2216 374 2299 ε’πέπληστο
395 2218 450 2279 κατ’
472 2214 665 2298 συγχύσεως.
708 2212 854 2302 ᾐσθόμην
875 2214 911 2277 δὲ
931 2214 987 2277 κατ’
1005 2210 1102 2289 ιιάτάς
1122 2214 1184 2276 τοῖν
1192 2216 1211 2270 i.
1223 2216 1274 2271 221
1284 2231 1312 2273 τ.

88 2314 230 2380 τοιοάτων
248 2318 351 2381 κακῶν
372 2316 416 2393 άς
437 2318 496 2401 τὴν
513 2319 709 2382 α’ποστασίαν
729 2314 916 2402 άποφογάν,
939 2317 992 2399 τῆς
1016 2312 1102 2387 ε’ντός
1123 2315 1183 2378 τοῦ

56 2414 217 2502 maiorque
249 2420 349 2496 οἰκίας
377 2424 434 2484 κατ’
450 2422 512 2485 τάν
531 2420 705 2510 άμροτικάν
724 2443 787 2500 μου
818 2414 983 2503 κτημάτων
1005 2414 1182 2506 διαρπαγὴν

87 2517 142 2580 τάν
161 2518 194 2581 ἐν
215 2520 321 2595 αάτοῖς
344 2522 385 2584 ον’
406 2519 463 2606 την
484 2522 647 2603 τυχοῦσαν
667 2518 881 2584 ὑποστάντων.

174 2619 209 2684 Ὁ
232 2620 268 2683 δὲ
286 2624 461 2705 Βρνέννιος
478 2625 580 2702 τάξεις
593 2619 655 2686 ,κατ’
678 2618 784 2706 άρχάς
807 2621 846 2708 τῇ
861 2621 1013 2710 βασιλικῇ
1035 2622 1181 2706 δορυφο-

153 2800 196 2853 11.
216 2814 251 2853 an
269 2799 399 2874 ἤρένιζιλ
487 2803 531 2856 22.
550 2803 637 2867 τάξας
655 2802 685 2857 G.
705 2801 824 2855 correait
840 2803 982 2872 interpres·
1031 2859 1035 2868 Δ

88 2955 111 2998 et
127 2947 220 3015 copiae
233 2949 378 3015 insidians,
398 2964 469 3002 nova
495 2952 599 3016 ratione
627 2951 727 3002 facturn
755 2951 815 3004 dieo
843 2958 917 3003 extra
934 2949 1027 3002 urbem
1046 2949 1180 3015 horreum,

89 3027 110 3069 et
126 3020 279 3072 devoratum
303 3029 344 3074 est
361 3037 446 3090 usque
464 3023 497 3074 ad
515 3023 610 3087 solum,
631 3023 752 3074 effusum.
773 3021 886 3076 castello
906 3029 994 3073 autern
1011 3021 1093 3073 Penio
1110 3037 1181 3074 non.

88 3090 138 3141 dnm
157 3092 250 3144 abacto
270 3093 303 3143 ab
330 3095 363 3145 iis
384 3094 499 3162 profecti
518 3104 579 3147 sunt
596 3095 758 3146 Raedestani
785 3095 913 3146 adversus
933 3094 973 3145 id:
1005 3100 1085 3161 atque
1104 3102 1181 3160 post.

88 3179 156 3229 quam
175 3180 224 3231 per
243 3165 299 3217 dies
317 3164 461 3219 nonnullos
481 3167 507 3217 id
526 3168 552 3216 iu
572 3174 730 3233 potestatem
751 3181 825 3218 suam
842 3166 1014 3232 redegerunt,
1034 3165 1113 3229 alios,
1134 3165 1179 3233 qui

87 3236 149 3288 intus
169 3244 252 3299 eraut,
272 3238 416 3301 arcebant‚‘
426 3239 547 3306 reliquos
566 3239 593 3288 in
607 3238 668 3288 loeo
680 3238 866 3305 reliquerunt.
905 3236 967 3288 inde
988 3251 1022 3286 ex
1041 3250 1073 3286 eo
1091 3243 1179 3287 autem

87 3315 198 3374 temporo
222 3322 276 3359 non
296 3309 433 3361 desierunt
458 3327 491 3360 ex
518 3310 646 3361 seditiosa
672 3318 747 3376 parte
773 3311 800 3360 in
819 3308 979 3360 Raedestum
1004 3307 1108 3359 irruere
1127 3307 1179 3357 mi.

86 3377 140 3430 lites
159 3382 297 3448 magisque
316 3383 452 3448 peregrini
478 3389 504 3431 et
527 3395 606 3448 agros
626 3381 698 3432 eirca
724 3382 790 3432 sitos
810 3381 950 3432 devastare
970 3387 1109 3447 praetexto
1129 3393 1179 3428 cn.

87 3451 180 3502 stodiae
200 3450 305 3504 castelli
330 3460 356 3502 et
375 3451 640 3504 circumvallationis.
679 3451 803 3520 cupiebat
830 3453 900 3502 enim
921 3451 999 3502 etiam
1020 3466 1065 3502 eos
1085 3450 1178 3502 Βοττι-

90 3522 143 3572 aina
168 3532 279 3590 propter
305 3524 454 3590 superbiam
482 3526 652 3592 arrogantiae
684 3533 711 3575 et
734 3523 897 3592 praesidium
920 3523 1091 3586 insidiarum,
1112 3536 1178 3590 quas

86 3595 273 3660 suspicaretur,
294 3603 320 3645 et
338 3595 480 3646 turbarum.
529 3604 704 3648 conservatus
724 3603 812 3647 autem
832 3602 872 3645 est
892 3595 970 3644 etiam
989 3601 1080 3661 portus
1100 3591 1178 3644 huius

87 3665 182 3716 castelli
209 3667 278 3732 palis
309 3676 335 3716 et
354 3667 499 3735 porticibus
523 3668 621 3736 ligneis
651 3677 676 3717 et
701 3666 762 3718 aliis
788 3666 969 3718 instrumentis
989 3680 1057 3734 quae
1075 3664 1177 3716 alienas

85 3750 160 3787 naves
178 3746 346 3790 averterent:
367 3755 479 3809 cumque
497 3740 580 3790 multa
595 3740 623 3788 in
642 3739 723 3791 litore
737 3747 828 3790 essent
846 3737 977 3801 aedificia,
998 3739 1104 3789 eversio
1121 3735 1178 3786 iro·

85 3821 134 3857 rum
153 3817 262 3875 propter
278 3810 406 3876 iusidias,
434 3828 498 3880 quas
527 3810 726 3878 suspicabatur,
748 3812 817 3862 faeta
839 3819 888 3874 est,
916 3817 942 3860 et
963 3811 1070 3860 omnino
1091 3810 1178 3859 omnia

85 3879 153 3930 turba
170 3880 281 3947 impleta
301 3890 375 3932 erant
395 3892 421 3934 et
440 3884 608 3936 confusione.
648 3883 721 3934 sensi
740 3891 827 3933 autem
848 3891 874 3932 et
892 3882 951 3949 ipse
966 3880 1030 3931 talia
1050 3878 1129 3942 mala,
1149 3888 1179 3930 ut

85 3959 215 4020 postquam
233 3953 391 4005 seditionem
410 3956 501 4024 effugi,
521 3956 622 4016 domus,
643 3969 711 4020 quae
729 3955 800 4004 intra
819 3952 959 4004 castellum
980 3960 1029 4015 est,
1050 3958 1076 4000 et
1095 3965 1177 4018 agre.

84 4023 154 4073 stium
172 4039 288 4075 mearum
305 4028 507 4092 possessionum
525 4028 652 4092 rapinam,
675 4040 745 4092 quae
762 4025 832 4074 iuter
854 4039 898 4074 eas
919 4037 974 4073 nou
993 4029 1093 4074 sortem
1112 4021 1177 4073 sub.

84 4103 171 4146 ierant.
1037 4126 1039 4130 ,

91 4194 95 4201 '
150 4199 154 4207 ·
175 4184 226 4238 Sed
244 4185 395 4252 Bryennius
412 4186 523 4238 ordines
538 4193 565 4237 et
579 4187 749 4255 magistratus
763 4184 840 4252 regio
860 4163 996 4234 comitatui
1016 4181 1096 4234 utiles
1111 4196 1178 4232 con.

84 4252 234 4316 stituerunt
252 4256 388 4324 honores,
407 4273 583 4327 quaecuuque
602 4258 665 4311 huie
686 4257 854 4321 videbantur,
881 4255 999 4325 quotidie
1026 4255 1177 4318 institueris,
