2967 4825
201 401 206 404 Β
267 292 343 369 tro
512 282 781 365 mensotis
809 279 1070 366 amotionis
1137 230 1147 253 ’

135 476 157 536 i.
171 476 257 535 altr.
351 460 483 541 Μοῖρα
506 458 541 523 di
561 478 607 531 τις
633 450 879 537 adscensoribus
903 443 1149 537 στρατευμάτων
1182 442 1371 527 ίξἈδριε·

267 554 447 634 νουπόλεως
479 549 588 650 ἄρασα
614 560 658 643 τῷ
687 560 818 638 βασιλεῦ
843 550 1099 671 προσελήλυθεν,
1129 548 1229 613 εἰπεῖν
1254 564 1289 609 τε
1316 538 1375 607 καί

269 661 409 726 α’νούσαι
430 659 506 743 παρ’
530 661 628 723 odron
613 650 846 723 ’σπεύδουσα
863 650 919 737 τὴν
945 653 1008 719 τῶν
1029 648 1281 735 ἐπιζητουμένων
1307 642 1373 709 σύ-

269 769 336 836 τοῖς
368 758 556 843 ἀπόκρισιν
600 755 807 828 επενεκύλουν
839 750 901 839 γὰρ
923 754 1068 836 στέρησιν
1099 751 1160 815 τῶν
1180 768 1372 831 στρατιωτι-

98 905 101 909 -
171 924 177 929 .
270 865 335 929 νύν
368 862 517 945 α’ψωνίων
550 860 605 924 καί
629 860 845 931 κακοπαθείύς
880 854 969 929 τινὰς
1004 855 1037 931 ἐξ
1069 851 1282 935 ἀπρονοησίας
1309 849 1399 913 των5

271 960 471 1049 κρατούντων
492 987 544 1026 και
538 957 752 1044 σίπληστιᾝας
805 954 892 1021 οἶδὲ
912 956 987 1037 περί
1017 950 1231 1034 τὸνβασιλέα
1253 948 1374 1025 denter

269 1059 390 1139 αύτούς
406 1062 608 1143 μετελθόντες
622 1058 872 1182 (ρτρατιυρτικὸν
857 1082 889 1123 τι
902 1058 1023 1140 πλῆθος
1045 1055 1090 1130 εἰς
1114 1053 1243 1137 ἐνέδραν
1263 1048 1374 1115 ανταῖν

270 1164 526 1287 πρρητοίμυσαν,
549 1188 602 1229 και
628 1158 677 1227 dre
698 1157 831 1235 τούτους
852 1154 1152 1242 semicoctum
1174 1149 1374 1232 καταβάντος

176 1324 177 1327 ,
271 1265 324 1329 ε’πί
338 1266 383 1352 τῷ
396 1267 526 1348 ποιῆσαι
540 1264 596 1349 τὴν
608 1261 763 1347 syriacis,
781 1260 846 1326 κατ’
863 1260 969 1325 αύτων
985 1257 1112 1343 α’φῆναν
1126 1253 1201 1330 τούς
1216 1249 1374 1339 ἐφεδρεύ-

272 1388 381 1441 οντας
402 1389 456 1431 και
451 1363 510 1430 οδ
527 1368 755 1451 περιχυθέντες
777 1360 853 1437 τούς
874 1359 1057 1447 ὁμοφύλους
1075 1358 1273 1481 ρφοδρῶς
1240 1350 1294 1417 καί
1313 1376 1375 1417 no·
1385 1358 1420 1413 1o

270 1469 387 1549 λεμίως
406 1462 639 1556 κατῄνιζον,υΐ
651 1490 710 1546 μον
725 1460 859 1551 ρύβδοις
878 1465 1024 1547 σιδηραῖς
1043 1455 1161 1533 αύτοος
1176 1458 1378 1523 κατατείνον-

271 1591 333 1648 τες,
355 1593 385 1633 οι
372 1566 441 1633 δὲ
464 1571 570 1652 ξίφεσι
583 1570 714 1642 τελείοις
736 1566 942 1689 αὐριιρρυντές
955 1585 1054 1643 τινας,
1074 1584 1103 1625 οι
1099 1558 1161 1625 δὲ
1180 1555 1236 1633 τύς
1257 1553 1376 1641 σκηνὰς

274 1668 381 1736 τούτων
403 1666 632 1752 διαρπάζοντες
653 1669 709 1732 καί
727 1690 803 1742 τους
825 1667 940 1740 ιππους
962 1661 1279 1748 συναφαρπύζοντες.
1296 1658 1376 1725 τού-

272 1791 330 1837 του
346 1771 382 1834 δὲ
395 1772 564 1851 γενομένου
582 1768 687 1854 πολύςἱ
697 1765 782 1843 ἕλεος
797 1768 917 1851 ἐπῆλθε
930 1773 996 1841 τοῖς
1011 1762 1201 1843 Βυζαντίοις
1214 1759 1296 1845 ύπὲρ
1312 1762 1377 1825 ταῖν

269 1869 423 1946 ι’νοειτίως
443 1868 612 1935 παθόντων
631 1870 849 1954 στρατιωτῶν,
884 1864 939 1933 καί
959 1863 1116 1949 nosipsos
1137 1868 1197 1929 τού
1217 1863 1375 1944 βασιλέως
1388 1871 1421 1925 15

272 1972 329 2038 ναί
349 1972 409 2037 σύν
431 1971 506 2055 περί
526 1968 625 2036 αύτύν
647 1970 705 2035 ούκ
725 1971 896 2055 ἐλαχίστην
917 1966 971 2053 τήν
993 1960 1113 2048 ἄνοιαν,
1136 1959 1217 2030 ὥστε
1236 1964 1291 2029 καί
1312 1960 1377 2025 αύ-

272 2094 327 2138 τον
348 2073 468 2138 εκεῖναν
474 2068 666 2153 μετάμελον
687 2074 842 2161 δέξασθαι
874 2070 927 2137 καί
954 2070 1119 2135 οἶνοισωσαι
1150 2063 1274 2142 τούτοις
1302 2062 1373 2129 rinei

273 2175 340 2240 τόν
361 2172 671 2268 διαρπαγίντων,
630 2200 675 2259 μη
696 2176 803 2255 μέντοι
824 2175 860 2239 δέ
880 2196 910 2238 τι
929 2174 1048 2257 πρᾶξαι
1066 2168 1128 2254 τῂν
1139 2191 1289 2250 τοιαυτην
1311 2191 1378 2230 πα-

227 2346 230 2358 ,
273 2276 397 2360 ροενίον
427 2276 483 2339 κατ’
512 2275 636 2359 βλάβην
675 2271 951 2355 σῖναναλονμενον,
984 2270 1066 2356 μήτε
1099 2270 1283 2391 φιλρτιμίαν
1306 2266 1378 2332 τινὰ
1441 2357 1447 2361 ⁴

273 2381 341 2450 τοῖς
359 2374 568 2462 στρατιώταις
594 2377 780 2444 ἀποδοῦναι.
825 2374 895 2442 ἀλλ’
918 2376 950 2440 οί
967 2396 1003 2457 γε
1032 2372 1111 2458 πρὸς
1134 2367 1172 2436 τύ
1195 2370 1296 2436 ccasio
1318 2364 1379 2434 λύ-
1387 2367 1423 2424 2⁰

273 2503 335 2562 της
357 2478 397 2541 ού
427 2483 544 2564 μικρᾶς
574 2479 745 2560 ἀνάμεστον
776 2477 1069 2563 ἐπαναστραφίντες
1093 2477 1149 2540 cdx
1177 2467 1293 2557 ἤθελον
1326 2473 1380 2538 ἐπί

274 2581 331 2648 τού
355 2578 455 2646 αύτού
474 2582 591 2664 με’νεεν,
614 2579 695 2646 dito
717 2577 794 2657 τούς
816 2575 1073 2661 πολεμιωτύτοας
1094 2569 1284 2658 ἀμύνασθαι
1306 2575 1378 2640 διε-

277 2681 453 2746 σκίπτοντο.

284 3024 287 3028 ·
376 2989 442 3049 Pars
461 3001 548 3051 antem
567 2995 695 3064 quaedam
712 2990 826 3048 militum
854 2993 1059 3048 occidentalium
1083 2991 1259 3062 adrianopoli
1283 2989 1381 3060 profe.

279 3073 321 3119 cta
340 3066 373 3119 ad
390 3083 482 3136 regem
499 3067 585 3132 uenit,
604 3067 695 3120 dicere
713 3075 741 3119 et
759 3066 850 3120 audire
868 3067 901 3118 ab
921 3081 954 3117 eo
974 3066 1082 3119 studens
1100 3065 1295 3134 postulatorum
1312 3079 1381 3118 suo.
1398 3097 1410 3114 .

279 3154 338 3191 rum
356 3154 530 3207 responsum:
549 3140 583 3191 ad
601 3138 653 3191 boc
670 3139 832 3192 accusabant
856 3140 1033 3206 privationem
1062 3137 1247 3190 alimentorum
1277 3137 1382 3190 milite-

280 3213 348 3263 rium
368 3219 396 3264 et
413 3210 484 3262 mala
503 3211 641 3280 quaedam,
660 3227 729 3279 quae
751 3226 784 3262 ex
802 3211 1028 3264 inconsiderantia
1047 3212 1232 3278 imperantium
1258 3218 1286 3262 et
1304 3211 1381 3260 insa-

266 3281 424 3336 'tiabiiitate
443 3291 502 3334 orta
524 3290 622 3336 essent.
660 3284 730 3350 regii
752 3291 839 3356 autem
858 3285 957 3336 iniuste
977 3297 1023 3334 eos
1042 3285 1134 3335 secuti
1147 3282 1289 3334 militarem
1307 3279 1381 3332 mul-

278 3353 421 3408 titudinem
439 3355 472 3406 ad
496 3355 607 3408 insidias
633 3368 724 3406 eorum
748 3363 889 3421 pararunt,
910 3363 936 3406 ct
963 3369 1022 3405 cum
1048 3355 1240 3420 cognovissent
1266 3353 1316 3406 bos
1348 3367 1383 3402 ex

280 3426 357 3495 equis
377 3427 550 3480 descendisse
569 3426 602 3477 ad
620 3427 817 3479 accusationem
836 3426 1034 3490 instituendam,
1054 3436 1147 3478 contra
1166 3441 1212 3479 eos
1225 3426 1384 3478 dimiserunt

279 3499 455 3552 insidiantes.
475 3506 554 3566 atque
575 3499 730 3550 circumfusi
749 3497 871 3552 homines
891 3499 1009 3551 eiusdem
1028 3499 1118 3566 stirpis
1137 3497 1271 3550 horridum
1291 3496 1383 3549 etho-

281 3567 395 3622 stiiem
388 3587 415 3623 m
433 3569 538 3621 modum
558 3570 701 3635 vexabant,
720 3570 768 3623 alii
785 3570 949 3636 scipionibus
969 3569 1064 3622 ferreis
1092 3573 1141 3622 eos'
1166 3577 1309 3637 petentes,
1334 3565 1384 3621 alii

281 3640 379 3708 gladiis
397 3641 526 3709 perfectis
544 3649 671 3694 nocentes
689 3641 846 3706 nonnullos,
865 3639 911 3692 alii
929 3642 1045 3695 tentoria
1065 3657 1156 3694 eorum
1176 3641 1335 3725 diripientes
1356 3647 1385 3690 et

282 3727 367 3795 equos
385 3711 464 3765 simul
481 3713 650 3779 praedantes.
688 3713 730 3766 bis
748 3721 835 3766 autem
854 3713 931 3765 iactis
950 3714 1032 3766 multa
1050 3714 1186 3766 miseratio
1200 3711 1385 3778 incessitBy-

281 3784 385 3838 sautius
403 3790 513 3851 propter
530 3783 629 3836 miiites
647 3787 807 3840 innocenter
825 3784 956 3856 afflictos,
983 3793 1009 3837 ct
1033 3785 1183 3838 tribuerunt
1209 3785 1268 3853 regi
1293 3785 1385 3852 iisque

281 3855 328 3924 qui
346 3858 419 3908 circa
438 3871 497 3908 eum
518 3865 602 3922 erent,
621 3871 675 3910 non
695 3858 827 3910 minimam
846 3841 1057 3924 imprudentiam,
1084 3857 1122 3908 ita
1145 3864 1174 3908 ut
1199 3863 1226 3907 et
1250 3857 1309 3922 ipse
1334 3853 1386 3906 ille

281 3929 472 3993 poenitentiam
491 3930 647 3996 conciperet
665 3938 692 3984 et
703 3937 824 3985 seruaret
842 3929 884 3982 his
897 3929 1023 3997 quosdam
1042 3929 1213 3994 direptorum,
1231 3943 1320 3996 neque
1340 3934 1388 3978 ta·-

281 4014 352 4064 men,
372 4000 442 4068 quod
461 4002 629 4055 exercuisset
645 4001 752 4054 talcm'
746 4002 876 4055 insaniam
895 4009 922 4052 et
940 4000 1060 4052 damnum
1082 4015 1111 4052 sc
1130 4014 1275 4064 revocans,
1293 4014 1388 4066 neque
1455 3997 1462 4003 ”

280 4079 313 4126 ot
329 4071 459 4128 bonorem
476 4071 561 4129 uilnur
579 4073 709 4126 militibus
729 4073 870 4128 redderet:
898 4072 945 4125 sed
968 4072 996 4124 bi
1016 4073 1121 4140 quidem
1141 4071 1173 4124 ad
1193 4086 1241 4124 sua
1259 4085 1388 4124 moerore

213 4146 216 4151 '
279 4156 335 4204 nou
352 4158 436 4210 parto
455 4143 529 4211 pieni
546 4143 790 4200 resersinoiebant
807 4144 855 4202 sub
877 4143 971 4198 eodem
987 4159 1106 4212 manere,
1126 4143 1173 4197 sed
1191 4141 1283 4212 hostes
1303 4157 1388 4196 acer·
1426 4192 1430 4198 .

279 4215 362 4270 muros
381 4230 474 4268 arcere
493 4217 651 4270 statuebant.
