2967 4825
561 252 794 363 ‘merome
1180 280 1230 355 ιι

123 458 234 540 μεῖζον
256 458 492 539 κατεστρέψατο
513 458 609 541 κλέος,
631 453 852 541 α’δανατσάσης
881 456 1007 530 πάντας
1028 454 1081 538 τῆς
1101 452 1231 535 tuboe-

125 561 218 643 πίνης
239 557 370 643 φύσεως
391 556 426 621 τά
449 556 617 638 μίλλονοὸς
639 560 710 623 δίον
732 562 909 640 συμβαλεῖν
923 556 980 620 καί
995 552 1230 638 στοχάσασθαι.
1280 552 1284 558 ’

229 658 299 723 Καί
319 658 338 719 o‘
357 660 416 738 μὲν
440 660 483 745 τῷ
504 654 635 745 τοιούτῳ
655 652 873 741 προτερήματι
894 658 1058 741 κορεσθείς
1078 657 1231 738 λαμπρῶς

126 762 174 836 τίς
197 756 257 844 τὴν
279 759 396 825 οἰκείαν
411 757 613 843 παρεμβολὴν
628 760 826 843 ε’πανὲζευξε,
848 752 1089 844 φιλανθρώπως
1110 778 1232 821 onsur-

99 860 239 945 5triotot
261 862 316 925 καί
335 862 562 944 προσηγορίαις
581 856 820 944 εύφημοτάταις
841 861 897 923 καί
918 865 1123 939 παιανισμοῖς
1143 853 1231 941 παρά

126 965 194 1027 τοῖν
214 960 296 1047 ἄμφ’
318 959 414 1025 αύτάν
437 959 678 1043 α’παντιάμενος·
700 957 715 1023 ὅ
742 960 779 1023 δὲ
798 957 959 1050 βασιλεύς
972 961 1099 1042 ἐπείπερ
1123 959 1233 1033 α’δειάς

128 1060 306 1147 ἐδράξατο,
327 1064 383 1125 καί
414 1056 492 1145 ὅπερ
517 1063 650 1141 ἐδεδίει,
670 1057 728 1145 τὴν
749 1060 905 1146 ε”ξερύδου
928 1060 1082 1146 δηλονότι·
1095 1062 1151 1142 τῆς
1173 1056 1233 1122 πά·

129 1168 209 1237 λεως
225 1155 354 1241 ἅλωσιν,
377 1156 399 1245 ἦ
419 1164 492 1227 θεία
514 1162 682 1246 δυτιληψις
714 1162 935 1239 διεσκέδασεν,
958 1160 1015 1225 αύκ
1035 1162 1171 1246 η’μέληοε
1192 1161 1233 1223 δι’

129 1256 204 1349 ὅλης
226 1265 344 1349 ε’κείνης
368 1268 426 1348 τῆς
449 1261 571 1348 ἡμέρας
593 1265 649 1327 καί
667 1265 723 1346 τῆς
757 1261 867 1337 νυκτὸς
892 1264 947 1347 τῆς
970 1264 1026 1328 ε’πί
1046 1263 1147 1350 ταύτῃ
1166 1262 1234 1326 ε’πι·

83 1363 352 1447 λῡσυναθροίζων
380 1362 456 1440 τούς
487 1362 717 1450 συμφυγόντας
744 1366 807 1428 τῶν
834 1367 970 1429 πολιτῶν
998 1366 1054 1429 καί
1076 1364 1235 1447 τειχήρεις

129 1468 263 1539 ἐσαῦθις
284 1461 472 1548 ποιούμενος
485 1514 500 1549 ,,
519 1462 576 1542 τάς
596 1489 629 1531 τε
659 1464 761 1541 πύλας
779 1468 979 1548 κατοχυροδν,
1000 1463 1056 1529 καί
1074 1465 1234 1539 παντοίοις

130 1560 240 1641 ὅπλοις
261 1568 315 1630 κατ’
335 1574 496 1651 μηχαναῖς
526 1570 581 1631 καί
609 1563 814 1648 πετροβόλοις
839 1560 986 1649 ὀργάνοις
1011 1561 1068 1641 τάς
1091 1562 1234 1642 ἐπάλξεις

129 1666 361 1751 περιζωννύων.
402 1670 441 1752 τῇ
462 1669 490 1731 δ’
511 1664 643 1753 ἐπιούσῃ
672 1665 727 1741 τάς
748 1665 899 1747 δυνάμεις
924 1664 1104 1753 α’νειληφιάς
1134 1662 1236 1728 dreis

129 1763 286 1854 ἑσπερίων
316 1770 486 1854 ὑπαίθριον
520 1771 644 1857 κρατῶν
677 1767 883 1853 ἐπιφαίνεται
917 1778 985 1843 τοῖς
1015 1771 1071 1851 τῆς
1106 1766 1236 1847 πόλεας,

86 1882 120 1937 15
131 1861 259 1945 εὔελπις
289 1864 333 1935 oio
369 1870 412 1945 ιδς
449 1876 489 1959 τῇ
523 1871 694 1959 προτεραίᾳ
734 1866 935 1963 καταπλήξας
973 1871 1047 1945 τούς
1078 1866 1237 1944 ἔκαιιίους

129 1968 192 2035 σύν
214 1964 365 2061 εύλαβείρ
396 1974 451 2036 καί
474 1974 564 2062 φόβιρ
596 1968 683 2055 παρὰ
717 1969 838 2036 τούτων
864 1968 1143 2055 ύποδεχθησεται,
1179 1969 1237 2044 τάς

131 2072 235 2149 πύλας
269 2072 358 2161 αύτῷ
392 2070 674 2139 άναπεταννύνιων
710 2073 769 2136 καί
803 2071 858 2155 τῆς
895 2070 976 2156 πρὸς
1013 2067 1054 2137 τά
1089 2075 1237 2154 βασίλεια

133 2169 292 2258 φερούσης
333 2177 498 2258 βασιλικῆς
539 2162 791 2259 προηγουμένων.
843 2172 885 2247 ὥς
917 2174 954 2238 δὲ
994 2173 1176 2239 ταύναντίον
1215 2164 1238 2255 η’

133 2271 211 2339 κατά
235 2279 393 2359 ιλογισμον
417 2270 484 2359 εἶχε
513 2278 693 2361 συνηνέχθη
724 2272 825 2363 τούτῳ
854 2270 895 2337 τά
924 2277 1109 2358 πράγματα,
1127 2274 1181 2336 καί
1200 2268 1234 2337 τά

87 2379 193 2456 mlv
215 2379 318 2460 τεῖχος
349 2379 472 2459 μείζονι
504 2383 690 2464 παρασκευῇ
717 2380 978 2463 περιειλημμένον
1001 2376 1046 2451 εἰς
1076 2372 1136 2459 τὴν
1165 2370 1238 2440 άπι-

6 2481 8 2488 “
133 2481 233 2542 οὖσαν
257 2481 416 2560 κατεῖδεν,
450 2478 524 2556 τούς
547 2504 580 2545 τε
613 2481 661 2544 ἐπ’
692 2481 782 2567 ου’τηῑ
813 2475 1015 2563 καθημένους
1045 2477 1239 2561 πολεμησεί-

135 2600 229 2653 οντας
250 2582 307 2642 καί
325 2577 383 2664 τὴν
399 2573 517 2658 ἄνοιξιν
532 2583 593 2646 τοῖν
615 2581 722 2644 πυλῶν
737 2577 989 2664 προτρεπόμενον
1001 2579 1238 2656 ιδιαπαίζοντας

134 2681 243 2746 τοῦτον
267 2679 323 2746 καί
342 2685 609 2767 καθυβρίζοντας,
641 2681 741 2747 πολλά
765 2681 821 2767 τῆς
843 2681 1035 2763 δυσβουλίας
1055 2674 1161 2770 isturgi
1179 2701 1239 2743 κα·

208 2845 252 2899 21.
271 2843 400 2902 κατεῖδον
412 2845 441 2900 G.

138 3009 197 3076 puit
215 3008 339 3077 gloriam,
359 3025 417 3060 cum
436 3024 490 3062 non
510 3010 595 3078 possit
614 3009 721 3061 omnino
741 3008 876 3060 hominnm
892 3014 988 3060 natura
1007 3007 1124 3060 futurum
1143 3012 1173 3060 ut
1188 3023 1240 3061 nc.
1275 3082 1279 3089 λ
1336 3073 1342 3084 Ι

140 3082 288 3134 cessarium
308 3081 536 3148 comprehendere
557 3090 584 3133 et
604 3079 769 3149 intelligere.

238 3153 328 3220 Atque
346 3152 390 3204 hic
409 3154 514 3221 quidem
526 3207 528 3212 ,
540 3154 654 3205 victoria
678 3152 727 3203 tuli
746 3153 856 3204 satiatus
881 3153 1020 3220 splendide
1038 3153 1070 3204 ad
1089 3168 1138 3205 sua
1156 3160 1243 3204 castra

139 3226 228 3289 rediit,
248 3224 369 3276 humanis
387 3225 620 3293 prosecutionibus
641 3233 668 3276 et
686 3224 895 3276 allocutionibus
914 3224 1094 3276 blandissimis
1114 3232 1141 3274 et
1158 3239 1242 3292 paen.

138 3298 217 3351 nibus
237 3311 253 3347 a
272 3296 327 3348 suis
347 3305 482 3363 acceptus.
521 3313 569 3348 rex
590 3305 677 3348 autern
702 3298 827 3364 quoniam
854 3295 969 3362 periculi
990 3297 1179 3347 immunitatem
1198 3305 1241 3347 te-

138 3370 199 3423 nuit
218 3375 245 3418 et
265 3368 335 3436 quod
353 3377 484 3420 metuerat
509 3369 609 3436 (aditus
628 3368 751 3419 nimirum
771 3366 844 3419 urbis
866 3369 1105 3435 expuguationem)
1124 3368 1242 3418 divinum

140 3438 270 3493 auxilium
295 3439 449 3506 dissipavit,
481 3455 534 3490 non
563 3440 735 3508 negligenter
760 3455 790 3492 se
809 3440 893 3507 gessit
911 3454 959 3506 per
978 3446 1060 3490 totum
1079 3437 1156 3490 illum
1172 3440 1243 3491 diern
1342 3492 1344 3495 ,

141 3519 289 3567 etnoetem
308 3519 464 3579 sequentem
484 3527 543 3562 cum
563 3512 706 3579 colligeret
725 3511 912 3578 confugientes
936 3511 1012 3563 cives
1036 3519 1064 3561 et
1081 3511 1163 3562 muris
1183 3511 1243 3561 cin.

141 3591 199 3636 ctos
218 3597 311 3636 rursus
331 3583 433 3635 laceret
452 3591 478 3634 et
497 3592 586 3649 portas
603 3586 719 3634 muniret
737 3592 765 3634 et
792 3584 875 3634 variis
893 3584 972 3634 armis
991 3591 1020 3634 et
1036 3582 1243 3634 machinationi.

139 3655 189 3708 bus
205 3663 238 3705 et
256 3653 369 3706 ballistis
389 3661 491 3706 murum
521 3671 648 3706 summum
675 3657 812 3722 cingeret,
839 3663 948 3721 postero
973 3663 1061 3707 autem
1078 3654 1123 3705 die
1141 3654 1244 3706 viribus

140 3727 259 3794 receptis
283 3725 324 3776 illi
349 3727 394 3794 qui
420 3727 519 3792 campis
544 3729 571 3778 iu
595 3727 727 3778 occidenti
753 3727 853 3793 apertis
876 3728 978 3794 potitus
1006 3735 1062 3778 erat
1081 3735 1192 3792 apparet
1210 3726 1243 3777 iis

141 3799 236 3866 quiin
257 3796 322 3848 urbe
344 3806 434 3861 erant,
455 3807 528 3849 certo
547 3814 666 3863 sperans,
687 3813 716 3850 se
736 3800 835 3866 quippe
854 3815 911 3849 cum
931 3800 1071 3865 superiore
1090 3799 1134 3849 die
1154 3807 1243 3848 terru.
1312 3828 1315 3831 -

141 3872 209 3922 isset
235 3869 342 3932 hostes,
368 3876 445 3921 caute
471 3877 497 3920 et
515 3870 607 3922 timide
627 3871 659 3920 ab
679 3870 720 3922 his
739 3878 876 3935 receptum
896 3871 938 3933 iri,
958 3871 1004 3938 qui
1023 3878 1113 3936 portas
1133 3871 1159 3920 ei
1176 3885 1243 3937 ape.

141 3943 229 3993 rireut
254 3948 281 3991 ct
306 3957 374 4008 quae
400 3940 431 3991 ad
456 3943 558 4007 regiam
584 3941 694 3993 duceret
717 3941 856 3992 basilicam
877 3949 1037 4008 praeeuntes
1056 3949 1242 3992 monstrarent.
1286 3955 1290 3962 ·

143 4028 203 4063 oum
230 4020 318 4062 autem
349 4019 440 4062 contra
465 4028 496 4063 ac
524 4012 732 4064 ratiocinabatur
757 4014 782 4062 ei
813 4014 989 4079 contigissent
1014 4028 1058 4063 res
1088 4019 1115 4061 et
1142 4027 1244 4063 murum
1284 4053 1288 4063 .

142 4086 244 4134 maiore
263 4093 389 4150 apparatu
409 4084 523 4134 cinctum
547 4087 666 4150 proximo
694 4085 737 4134 die
764 4084 896 4146 riderent,
923 4098 969 4134 eos
990 4092 1077 4134 autem
1097 4087 1141 4150 qui
1164 4086 1189 4133 in
1211 4098 1242 4134 eo

143 4157 281 4206 constituti
301 4163 375 4206 erant
393 4164 557 4224 pugnaturos
578 4156 702 4220 etimne,
732 4172 790 4206 cum
810 4165 838 4206 ut
863 4157 998 4222 aperirent
1017 4164 1106 4222 portas
1123 4163 1245 4206 moneret

54 4227 61 4236 '
143 4226 260 4282 ridentes
281 4235 307 4280 et
326 4226 486 4312 illudentes,
511 4243 674 4297 magnopere
703 4236 813 4294 propter
844 4229 1018 4282 temeritatem
1042 4243 1072 4282 se
1100 4228 1242 4293 incusavit,
