2967 4825
578 229 786 301 nononis.
994 237 998 242 ’
1101 270 1114 286 ,
1153 225 1229 306 Μθ

135 391 218 467 ζίκον
259 392 458 474 ύνακσμίζων
490 391 643 482 οἷφηρέθη
678 395 810 469 τούτους
842 390 923 476 πρὸς
961 394 1001 481 τῇ
1029 395 1106 480 ακτῇ
1139 389 1227 478 παρέ
1305 394 1312 400 ”

132 497 188 555 τῶν
224 493 282 556 τοῦ
314 489 529 557 Βοτανειύτου
564 496 788 576 στρατιωτῶν,
825 486 886 578 ἤδη
913 491 1144 577 καταλαβόντος
1173 491 1230 568 τοὶς

132 596 353 675 Προποντίδος
375 592 475 668 α’κτύς
494 598 550 660 καί
569 593 628 669 τύς
658 599 731 659 καθ’
752 591 986 680 Ἑλλήσποντον.
1032 593 1113 660 οἷλλύ
1135 589 1229 658 καίύ
1321 634 1324 640 ·

131 697 266 767 Λατῖνος
285 691 466 772 Ῥοοσέλιος
489 695 679 772 ἀποσταλείς
714 697 748 761 τὰ
775 692 923 782 δεύτερον
947 696 1024 761 κατὰ
1045 699 1103 762 τού
1126 697 1230 762 αύτα-
1391 682 1397 694 ’

104 795 246 879 ὅδέλφσυ
267 799 326 858 τού
337 797 528 882 Βρυεννίοο,
549 800 665 881 μέχρις
681 798 872 884 Ἡρακλείας
888 798 1014 886 Θρηίκης
1035 798 1229 882 ἀπολέμητος

129 890 185 958 σύν
208 903 274 970 τοῖς
295 903 557 981 στρατευομένοις
582 903 824 982 καταλέλειπτο,
846 901 900 964 καί
924 897 980 985 την
1000 897 1091 964 πόλιν
1112 897 1229 984 ταύτην

129 992 283 1080 ὀχύρωμα
306 1001 362 1063 τού
384 1000 469 1064 ἰδίου
487 1001 721 1084 στρατεύματος
738 999 920 1086 ἐποιήσατο,
942 994 1227 1086 προφυλαττύντων
1260 1019 1261 1026 ’

128 1093 252 1161 πάντων
272 1101 326 1162 καί
351 1098 642 1183 προοδοποιούντων
661 1107 704 1191 τη]
724 1103 923 1190 Βοτανειύτη
945 1099 982 1167 τύ
1009 1095 1185 1186 νικητήρια.

229 1200 271 1266 To
296 1202 323 1264 δ’
346 1201 409 1266 ont
430 1205 524 1272 τοῦδε
544 1201 800 1289 παρεσκευάζετο
822 1208 881 1286 μὲν
908 1202 924 1268 δ
946 1201 1098 1287 βασιλεύς
1121 1195 1241 1284 αὕτύν,ἱ

82 1315 118 1370 1o
128 1306 208 1388 λέγω
230 1291 285 1368 τύν
306 1302 541 1390 θεοπρύβλητον
562 1307 791 1392 Βοτανειύτην,
813 1309 858 1380 εἰς
877 1305 911 1373 τύ
932 1315 1050 1392 χωρεῖν
1069 1301 1150 1390 πρὸς
1169 1299 1228 1386 τήν

123 1400 358 1486 βασιλεύουσαν
383 1408 417 1470 έκ
441 1411 597 1483 Νικαίας·
642 1399 722 1472 πολύ
753 1409 788 1471 δέ
810 1410 930 1492 πλῆθος
955 1413 1091 1493 συρρέον
1114 1403 1148 1471 έκ
1172 1409 1226 1486 τῆς

125 1503 368 1591 μεγαλοπόλεως
402 1506 481 1593 πρὸς
506 1506 604 1574 αύτύν
625 1511 759 1594 ἐφοίτα,
790 1513 845 1574 καί
865 1509 1033 1588 διεσώζετο
1054 1506 1227 1591 παρέντων

129 1609 277 1692 Τούρκων
301 1607 357 1692 την
381 1608 442 1672 ἀπὸ
465 1608 629 1694 θαλάσσης
649 1615 748 1693 μέχρι
779 1613 916 1686 Νικαίας
938 1611 1116 1690 νεμομένων
1137 1608 1237 1694 utpl-⁸

124 1733 240 1794 χωρον.
268 1704 328 1787 ὀύς
356 1711 414 1793 γὰρ
440 1708 614 1796 ἐρωτῶντες
643 1708 765 1787 αύτούς
786 1709 863 1795 πρὸς
893 1708 948 1777 τὸν
981 1711 1119 1794 βασιλέα
1141 1700 1366 1792 ἥκεινλλλδν.

82 1826 115 1878 15
124 1813 307 1886 σπουδαίως
322 1814 515 1894 έμύνθανον,
538 1811 639 1888 εύθύς
662 1811 795 1889 τούτους
818 1813 860 1888 αἱς
883 1809 1078 1894 ὁμοδούλους
1099 1809 1155 1874 καί
1166 1835 1228 1873 συ-

123 1911 231 1996 νήθεις
256 1912 335 1999 πρὸς
355 1914 411 1998 την
435 1913 618 1998 ὁδοιπορίαν
645 1921 851 1997 παρέπεμπον
884 1908 1104 1998 ταχινύτερον.
1147 1910 1228 1994 ἦμε-

123 2015 189 2098 ροῖν
211 2016 246 2079 δέ
270 2019 363 2079 τινιδν
397 2018 627 2099 διαγενομένων
659 2015 717 2081 σύκ
741 2009 849 2101 ἤνεγκε
876 2016 930 2082 eds
955 2010 1052 2078 πόθον
1074 2013 1092 2096 ἦ
1113 2013 1227 2078 εύδαί-

122 2140 199 2192 μων
220 2115 275 2180 καί
292 2108 551 2202 προκαθεζομένη
572 2120 626 2202 τῆς
641 2114 724 2195 {dag
748 2116 941 2203 μητρόπολις
954 2120 1010 2182 καί
1030 2114 1064 2182 τύ
1077 2116 1132 2200 τῆς
1154 2119 1227 2180 δου.

123 2220 212 2298 λικῆς
234 2223 367 2302 στοργῆς
394 2216 592 2303 περιούσιον,
613 2219 668 2283 καί
688 2219 723 2284 τύ
748 2217 808 2302 πρὸ
830 2223 884 2303 τῆς
906 2218 1028 2292 πόλεως
1059 2218 1225 2300 προκαθη-
1259 2247 1260 2250 ’

77 2320 202 2385 too-tat
228 2324 376 2403 σκηνίτος
403 2320 476 2394 τούς
510 2322 629 2384 έκείνοο
655 2323 879 2406 προασπιστύς
902 2344 935 2384 τε
958 2319 1013 2384 καί
1028 2315 1224 2402 στρατηγούς

120 2423 157 2484 έν
177 2422 335 2511 έκεχειρίρ
357 2425 412 2487 καί
431 2423 571 2513 α’πραξίρ
591 2420 623 2487 έν
645 2426 737 2510 δεινῷ
752 2425 955 2508 ποιησαμένη,
969 2419 1026 2506 την
1049 2418 1148 2485 dotas
1169 2421 1225 2501 τῆς

120 2518 304 2607 βουλήσεως
325 2520 498 2610 έκρηγνύει,
520 2529 576 2589 καί
597 2527 683 2613 κοινῇ
702 2525 804 2613 ψήφῳ
814 2524 938 2599 πάντες
961 2520 990 2588 οῖ
1012 2524 1046 2587 έν
1065 2521 1149 2611 αύτῇ
1172 2517 1224 2587 τὸν

98 2626 342 2718 ,Βοτονειύτην
365 2624 584 2711 ούτοκρύτορα
602 2621 768 2708 Ῥωμαίων
798 2627 851 2689 καί
872 2621 1027 2710 δεσπότην
1049 2617 1226 2708 ύναγορεύ·

893 2881 901 2905 δ

124 2916 214 2983 tibus,
248 2917 294 2987 qui
311 2918 362 2969 inm
382 2924 561 2983 occupaverat
585 2915 666 2968 litora
682 2915 813 2967 maritima
839 2923 866 2966 et
885 2929 953 2983 quae
970 2913 1004 2965 ad
1021 2911 1225 2979 Hellespontum

122 2992 178 3042 sita
195 2998 265 3042 sunt.
310 2990 356 3041 sed
378 2991 462 3041 etiam
475 2990 583 3041 Latinus
601 2988 728 3041 Ruselius
756 2989 851 3040 missus
876 2988 973 3053 iterum
999 2986 1091 3037 eontba
1116 2985 1225 3037 fratrem
1267 3036 1270 3040 ,

120 3061 256 3127 Bryennii
273 3077 359 3129 usque
372 3062 405 3111 ad
419 3061 573 3111 Heracleam
587 3059 714 3111 Thraciae
730 3060 789 3112 sine
808 3058 912 3125 proelio
933 3072 992 3108 cum
1010 3052 1138 3107 'militibus
1157 3054 1225 3107 reli.

124 3141 188 3185 ctus
207 3142 272 3197 erat,
292 3141 319 3183 et>
336 3133 428 3183 urbem
447 3133 515 3184 hanc
544 3132 704 3199 praesidium
722 3132 764 3183 sui
784 3131 917 3181 exereitus
937 3128 1017 3191 lecit,
1038 3122 1224 3179 cbnservanti.
1282 3159 1284 3165 ,

119 3205 174 3256 bus
193 3205 313 3257 omnibus
333 3213 360 3256 et
376 3205 599 3273 prosequentibus
617 3202 774 3255 Botaniatae
793 3210 911 3268 tropaea.

223 3303 314 3356 Exeo
333 3310 558 3369 autemternpore
577 3317 606 3352 se
631 3300 740 3368 putabat
762 3315 811 3351 rex
830 3300 929 3369 (ipsum
957 3298 1017 3350 dieo
1037 3296 1121 3349 adeo
1143 3310 1224 3363 prae·
1289 3294 1295 3301 ’

120 3373 208 3425 latum
225 3376 418 3443 Botaniatem)‚
439 3384 468 3426 ut
485 3374 644 3441 procederet
667 3372 759 3423 urbem
778 3370 886 3423 Nicaea.
932 3384 1027 3437 magna
1046 3376 1133 3420 autem
1152 3366 1224 3417 mul.

119 3446 210 3497 titudo
230 3447 342 3499 allluens
364 3462 492 3513 amagna
510 3445 576 3497 urbe
594 3445 626 3495 ad
652 3460 710 3494 eum
735 3442 862 3494 veniebat
885 3451 911 3495 et
928 3441 1085 3495 servabatur
1104 3455 1138 3491 ex
1155 3438 1224 3491 Tur.

119 3520 176 3582 cis,
195 3520 240 3585 qui
261 3518 322 3569 loen
341 3520 542 3585 amariusque
567 3517 600 3569 nd
616 3514 741 3567 Nicaeam
766 3514 900 3566 tenebant
939 3528 997 3563 cum
1016 3510 1223 3563 eniminterro-

118 3598 219 3659 gantas
240 3604 287 3643 eos
306 3590 339 3641 ad
357 3605 448 3657 regem
469 3590 562 3641 venire
581 3588 700 3639 studiose
719 3586 914 3654 intelligerent,
940 3584 1027 3637 statim
1047 3583 1095 3635 hos
1114 3590 1143 3633 ut
1161 3580 1223 3632 col.

118 3663 201 3730 legas
219 3664 358 3715 servitutis
384 3670 411 3711 et
423 3664 587 3712 .eoniunet0s
606 3659 640 3709 ad
662 3660 715 3710 iter
731 3658 870 3709 mittebant
894 3656 1020 3708 celerius.
1058 3670 1116 3705 eum
1135 3660 1223 3704 autem

118 3736 183 3786 dies
200 3733 324 3786 nonnulli
343 3734 570 3802 praeteriissent,
588 3745 643 3781 non
662 3730 724 3781 tulit
741 3728 903 3782 desiderium
919 3729 998 3780 beata
1024 3735 1050 3778 et
1068 3724 1223 3793 praesidens

23 3849 26 3855 .
118 3806 223 3857 orienti
242 3806 306 3858 urbs
335 3812 361 3856 et
383 3804 492 3857 servilis
514 3804 611 3854 amoris
634 3803 738 3867 copiam
754 3810 781 3851 et
799 3808 860 3852 ante
880 3801 971 3852 urbem
990 3799 1085 3851 sedere
1112 3799 1140 3849 in
1161 3804 1223 3847 ten.
1312 3850 1317 3857 ,

118 3877 202 3929 toriis
220 3877 295 3929 illius
310 3856 527 3944 propugnatores
546 3884 573 3925 et
591 3876 672 3926 duces
691 3874 718 3923 in
742 3888 810 3939 paee
830 3879 856 3922 et
874 3874 930 3922 otio
950 3886 1031 3938 aegre
1050 3870 1140 3921 ferens
1159 3882 1223 3933 par-

119 3958 180 3999 tum
200 3948 347 4000 voluntatis
367 3948 478 4010 edebat,
499 3955 525 3997 et
544 3944 675 3997 communi
702 3944 829 4011 suffragio
850 3956 940 3993 omnes
968 3943 995 3991 in
1016 3956 1047 3991 ea
1065 3939 1224 3991 Bolaniaten
1269 3950 1274 3957 ¹

118 4020 500 4085 imperatoremllomnnorum
513 4026 539 4068 et
557 4018 690 4069 dominum
708 4015 861 4088 renuntiant
880 4029 938 4065 eum
948 4012 1031 4062 multo
1052 4019 1078 4061 et
1096 4011 1223 4062 indomito

119 4101 262 4145 conventu
280 4100 308 4143 et
324 4084 458 4155 elaniore,
478 4106 537 4141 eum
554 4090 632 4141 modo
652 4087 749 4139 lestum
768 4087 897 4139 adventus
917 4082 1054 4152 evangelii
1071 4083 1162 4134 matris
1180 4082 1246 4141 dei,

118 4165 252 4235 instaret,
271 4172 299 4217 et
315 4171 449 4220 venerunt
468 4176 560 4221 omnes
578 4164 607 4217 iu
625 4174 764 4240 commune
793 4167 821 4213 et
837 4158 979 4214 nummum
996 4156 1041 4211 dei
1058 4144 1222 4214 aedificium
