2967 4825
510 225 782 296 *nnnonm
929 234 934 243 ·
1157 204 1228 301 ιτι
1276 290 1322 341 a

126 376 215 450 οότοο
234 384 288 451 τόν
307 378 378 468 βίον
400 385 501 452 ἕλκειν
514 377 600 474 ’ίίχρι
618 385 872 475 βιοτῆςόιιοίσης
892 395 958 467 τοῖς
977 396 1130 475 μανικοῖς
1150 416 1230 476 συγ-

126 485 384 570 καταλεγόμενον.

227 590 343 670 Γέγονε
363 591 466 673 τοότο,
488 596 542 655 καί
563 594 642 673 μετὰ
667 592 779 676 μικρὸν
782 596 914 715 νε”ξῆλθε
935 596 992 657 τοῦ
1000 592 1148 678 ιιιίστρου
1169 617 1229 675 με.

125 691 320 771 λανειμονοόν
343 694 399 757 καί
422 691 460 757 τό
480 691 588 757 καθ’
575 691 690 760 εαοτόν
710 694 753 769 αἱς
777 693 869 779 ἔσχεν
888 689 1196 818 οίποκλαιόμενος,“
1176 719 1229 761 ote

92 790 184 855 δοιαὶ
204 794 381 867 πολλοίς
349 794 446 880 εισηει
476 794 592 878 δρυμός
610 800 665 861 καί
684 793 911 871 ιιίκόθεκτος’
895 794 949 861 ειτί
968 804 1034 871 τοῖς
1055 792 1229 879 ὁρωμένοις

125 892 226 977 φόβος
253 898 307 957 καί
336 892 438 975 ἔλεος,
462 898 676 978 λογιζομένοις
710 895 745 964 τό
777 922 914 963 αστατον
939 922 1002 961 των
1034 894 1229 981 πραγμάτων

124 992 183 1058 καί
196 992 277 1078 πρός
304 990 508 1085 ἐναντιότητα
538 1004 702 1081 περιπετὲς
736 1002 792 1063 καί
827 997 1013 1082 ὀξύρροπον.
1063 988 1144 1081 ἦσαν
1164 996 1227 1082 γόρ

124 1089 317 1172 ι’ίπαντεςοῖ
337 1098 437 1186 τοότηι
460 1097 607 1175 πολλάκις
628 1101 943 1184 συστρατευσόμενοι
965 1103 1020 1165 καί
1037 1096 1229 1186 δορυφόρων

123 1195 218 1275 τάξιν
239 1197 471 1285 πληρώσαντες,
493 1202 547 1264 καί
574 1198 609 1263 τό
632 1200 745 1283 κρότος
769 1200 855 1289 odoni
883 1202 1149 1287 περιφημίζοντες
1170 1190 1227 1264 όλ-

70 1310 112 1363 10
121 1300 217 1379 βιον,
255 1302 311 1363 καί
341 1304 488 1383 προσιτοί
521 1304 669 1384 γενέσθαι
692 1304 794 1389 τοότηι
826 1302 868 1365 δι’
889 1302 986 1386 εὐχῆς
1009 1295 1058 1366 ότι
1078 1304 1225 1385 μεγίστης

121 1401 327 1482 ποιούμενοι,
355 1394 424 1465 εἶτα
456 1404 511 1466 καί
537 1404 772 1480 συνεξελθόντες
803 1404 892 1490 ον’τηό
915 1405 949 1467 ἐκ
968 1402 1088 1487 Συρίας
1109 1398 1165 1467 καί
1185 1402 1226 1489 τῇ

117 1500 240 1591 Ἀδοίνη
254 1502 455 1587 ἐμβαλόντες,
473 1507 645 1586 βασιλικαῖς
660 1506 813 1579 δουλικῶς
833 1500 1131 1589 προσεδρεόσαντες.
1149 1504 1226 1567 α’να·

120 1604 361 1684 πεμπαζόμενοτ
389 1607 495 1669 τοίνυν
517 1604 575 1689 τήν
598 1630 631 1670 τε
655 1609 810 1693 προτέραν
842 1599 993 1689 εότυγίαν
1014 1606 1068 1670 καί
1086 1602 1144 1689 τὴν
1164 1628 1224 1667 πα.

121 1708 246 1787 ροόσαν
269 1705 416 1789 α’τνγίαν,
439 1703 524 1781 όπονς
545 1710 591 1781 είς
619 1700 715 1789 όκρον
737 1704 957 1791 ἐναντιότητος
977 1699 1089 1791 ἥκασι,
1125 1730 1224 1789 κατη-
1248 1718 1252 1727 “

74 1808 260 1893 woroime
280 1796 362 1889 ἦσαν
381 1811 438 1895 καί
460 1810 680 1891 ἀμηχανοῦσιν
701 1807 848 1895 ἐῴκεσαν.
899 1814 1013 1874 νόστου
1038 1808 1067 1872 δ’
1090 1812 1224 1892 ἐπιμνη-

119 1896 255 1984 σθένους
288 1910 345 1972 τοό
371 1914 561 1993 στρατηγοῦ,
584 1911 779 1994 ἐπανήρχετο
808 1908 908 1993 μὲνὴ
937 1907 1073 1993 στρατιὰ
1094 1906 1153 1992 την
1175 1910 1222 1973 ἐπ’

120 2005 211 2071 οἴκου
234 2005 430 2091 ἐλαύνουσα,
463 2013 684 2093 παρεπέμπετο
720 2011 756 2073 δὲ
778 2012 833 2073 καί
860 2008 1072 2094 δΔιογίνης,
1103 2008 1254 2081 εότελεϊτ.
1273 2026 1362 2084 2031,

18 2121 23 2127 “
118 2109 168 2194 regi
187 2106 348 2197 όποζυγίηι
372 2112 426 2174 καί
444 2112 608 2198 peroptimi
627 2109 847 2194 καταστήματι
869 2110 911 2176 δι’
930 2107 1057 2175 ἐκείνων
1077 2110 1141 2177 τεόν
1164 2134 1223 2175 κοο.

119 2210 192 2287 μαῑν
221 2212 275 2273 καί
304 2212 366 2274 τῶν
387 2214 502 2296 χωρῶν
526 2209 754 2295 πορευόμενος,
778 2213 821 2275 δι’
848 2203 892 2277 οἷν
914 2210 947 2276 τό
975 2211 1117 2295 πρόσθεν
1136 2207 1216 2293 μετιό

74 2311 288 2393 νοβασιλικῆς
311 2312 365 2392 τῆς
386 2313 584 2397 δορυφορίας
606 2312 729 2387 ἰσόθεος
748 2312 945 2395 ἐγνωρίζετο.
986 2314 1084 2394 μέχρι
1107 2313 1142 2376 δὲ
1163 2314 1223 2377 too*

121 2409 305 2474 Κοτυαείου
329 2408 383 2494 την
405 2416 535 2495 πορείαν
566 2413 732 2500 ὀδυνηρῶς
758 2408 968 2496 ποιησόμενος
998 2415 1068 2498 (καί
1088 2408 1150 2496 γόρ
1173 2435 1223 2476 vo·

118 2509 329 2596 σηλευόμενος
355 2506 395 2596 η’ν
422 2509 482 2575 α’πό
515 2517 677 2594 κοιλιακῆς
711 2516 905 2596 διαθέσεως,
936 2509 1004 2597 ἥτις
1033 2517 1068 2578 ἐκ
1089 2514 1221 2580 κωνείου

118 2608 223 2702 τοότιρ
244 2617 553 2697 κατασκευασθέντος
572 2613 661 2699 παρὰ
683 2616 747 2680 τῶν
767 2618 914 2681 ἐναντίαν
934 2617 1135 2702 ἐπιγενέσθαι
1156 2617 1223 2680 stt·

193 2778 219 2830 5.
238 2770 330 2839 πολός
348 2777 378 2833 0.
435 2848 440 2852 4
488 2758 530 2832 12.
549 2793 583 2831 an
599 2776 800 2851 βασιλεδονιιλ
847 2813 849 2820 ι

119 2933 174 2990 tur,
194 2925 305 2993 placuit,
324 2925 472 2993 Augustum
490 2922 626 2992 deponere
645 2927 793 2994 imperium,
814 2927 951 2994 deponere
967 2927 1047 2978 etiam
1065 2927 1222 2982 orinemut.

122 2997 233 3066 σιτοῖτο
254 3004 336 3049 totam
354 2999 435 3049 vitam
455 2998 562 3063 ducere,
582 2998 719 3050 monacbis
744 2999 913 3065 adscriptum.

222 3086 331 3139 Factum
351 3094 392 3139 est
409 3086 477 3138 boc:
497 3096 577 3155 atque
597 3087 674 3139 brevi
692 3096 763 3154 post
773 3103 897 3157 egressus
916 3096 957 3142 est
975 3087 1098 3152 castello,
1117 3089 1222 3140 sordida

121 3159 231 3210 indutus
251 3166 329 3210 veste
349 3167 376 3210 et
395 3159 573 3210 conditionem
595 3174 667 3210 suam
687 3159 796 3224 dellens,
824 3160 929 3228 quando
955 3161 1032 3212 etiam
1059 3158 1182 3210 multus
1175 3175 1219 3210 nn-

121 3231 205 3282 cessit
223 3237 322 3281 etaeer
340 3238 367 3282 et
380 3222 558 3282 irresistibilis
577 3239 727 3297 spectantes
744 3240 829 3284 metus
849 3239 876 3283 et
890 3231 1082 3294 misericordia,
1096 3245 1154 3281 cum
1173 3245 1219 3282 se.
1264 3257 1270 3280 ι

122 3319 182 3353 cum
199 3310 356 3369 reputarent
374 3304 587 3354 incertitudinem
606 3319 695 3354 rerum
714 3303 748 3354 et
777 3304 803 3354 in
830 3304 988 3354 contrariam
1013 3309 1113 3386 purtem
1137 3301 1219 3353 incli-

120 3375 267 3425 nationem.
303 3388 395 3426 omues
414 3375 483 3426 enim
504 3389 563 3424 cum
582 3374 633 3426 boc
652 3389 732 3442 saepe
749 3375 865 3441 proiecti
884 3382 968 3439 erant,
989 3383 1016 3426 et
1032 3374 1155 3426 comitum
1170 3388 1218 3424 or·-

120 3446 210 3498 dinem
230 3445 371 3510 explentes
390 3455 417 3497 et
435 3447 574 3497 victoriam
600 3448 625 3497 ei
651 3445 819 3498 celebrantes
847 3447 950 3498 beatam
975 3454 1002 3496 et
1025 3445 1135 3512 propius
1157 3443 1219 3494 lnuic

121 3517 252 3568 accedere
270 3517 385 3567 maxime
403 3527 554 3584 precantes,
573 3518 669 3569 deinde
689 3519 768 3568 etiam
788 3533 846 3570 cum
867 3533 899 3570 eo
926 3533 941 3569 e
968 3516 1047 3583 Syria
1073 3523 1220 3578 veneunt,

121 3597 149 3640 ct
167 3589 305 3641 Audenam
321 3589 436 3656 ingrcssi
455 3590 515 3656 regi
535 3588 670 3640 humiliter
688 3590 827 3642 alluerant.
866 3597 1019 3656 reputantes
1038 3588 1119 3656 igitur
1144 3587 1221 3654 prio..
1289 3641 1295 3655 Ι

120 3675 177 3712 rem
197 3659 329 3712 loctunam
348 3668 376 3710 ct
393 3661 493 3711 instans
512 3660 618 3725 malum,
637 3662 769 3728 quomodo
789 3675 914 3714 suminam
932 3661 1103 3712 mutationem
1121 3657 1221 3712 subiis-

120 3739 191 3798 sent,
214 3733 320 3783 attoniti
342 3740 417 3782 erant
435 3733 599 3798 incertisque
618 3733 699 3782 animi
718 3733 830 3784 similes.
870 3747 927 3784 curn
947 3740 1039 3783 antem
1050 3731 1150 3784 reditus
1161 3733 1221 3781 me·

119 3806 251 3858 ualuisset
262 3804 315 3856 dux
331 3803 413 3855 rcdiit
428 3805 561 3856 exercitus
575 3805 678 3855 domum
688 3805 873 3869 proficiscens,
882 3803 1034 3855 mittebatur
1045 3811 1132 3854 autem
1143 3803 1222 3854 etiem

119 3877 258 3944 Arguitur
277 3874 327 3927 vili
345 3876 463 3928 iumento
475 3884 503 3927 et
514 3874 672 3926 mouuebico
691 3874 782 3927 habitu
792 3891 840 3943 per
850 3874 913 3927 illos
932 3889 1015 3942 pagos
1031 3874 1132 3942 illaque
1151 3872 1222 3938 locu,

120 3962 171 4014 per
190 3962 259 4015 quae
277 3946 451 4013 proficiscens
469 3955 547 4000 antea
566 3963 624 3999 curn
641 3948 718 4015 regio
736 3948 863 3998 comitatu
883 3954 1004 4013 tauquam
1030 3946 1095 3997 deus
1113 3953 1221 4013 speetu.

119 4019 208 4071 betur.
245 4027 385 4087 postquem
401 4033 487 4086 usque
506 4020 540 4072 ud
558 4019 704 4086 Cotyorum
728 4019 780 4070 iter
800 4018 896 4069 misere
915 4017 988 4080 lecit,
1009 4017 1123 4084 (etenim
1142 4016 1222 4070 lebo-

120 4091 196 4143 rabat
216 4105 250 4143 ox
267 4091 416 4155 abdominis
435 4091 630 4157 dispositione,
662 4106 731 4158 quae
750 4091 843 4156 cicuta,
856 4088 919 4140 huic
936 4095 1028 4156 parata
1046 4103 1062 4140 a
1081 4090 1221 4142 contrariis

120 4163 253 4228 accidisse
270 4162 435 4233 dicebatur),
454 4171 573 4215 retentus
592 4170 633 4216 est
655 4161 688 4214 ab
710 4163 759 4227 iis,
786 4162 832 4231 qui
859 4177 918 4214 eum
943 4159 1073 4231 agebant,
1102 4162 1220 4216 donent
