2967 4825
254 227 315 303 no.
470 277 475 283 .
562 216 784 300 mannum
811 165 1097 297 nrrtnerar
1194 220 1200 229 ’

234 384 495 480 ισεβαστοφόρος
512 395 675 479 Στέφανος
709 390 764 458 διά
788 395 844 476 τῆς
863 394 990 476 ἀγοράς,
1013 384 1053 454 τά
1076 384 1187 470 πράτα
1206 375 1293 465 παρά
1317 378 1364 465 τῷ

255 498 387 577 βασιλεῖ
406 491 486 576 μετά
509 498 625 579 πολλῆς
658 495 713 579 τῆς
736 492 957 578 λαμπρότητος
980 488 1116 573 ἔσχηκε,
1145 486 1200 549 καί
1221 475 1362 567 ζηλωτός

256 597 336 659 πάσι
359 620 411 659 και
408 594 697 680 περισπούδαστος
717 596 912 676 ε’γνωρίζετο.
955 593 1022 655 ίπει
1019 591 1080 653 δὲ
1102 587 1140 652 τά
1165 587 1220 667 τῆς
1243 586 1363 649 δεσπο-

255 698 341 781 τνκῆς
362 696 566 781 εὐδαιμονίας
586 696 734 777 άβίβαια,
756 696 942 777 διαβληθείς
964 692 1019 754 κατ’
1035 679 1125 765 ουτος
1145 685 1188 762 τίς
1205 685 1254 772 εἴη
1266 690 1366 804 μελευ

160 845 170 861 .
257 799 318 860 τῶν
339 795 533 881 ἐπιβουλήν,
555 791 729 878 όπερορίαν
751 796 866 859 αότίκα
889 816 942 855 και
937 789 1119 876 ’δήμευσιν
1140 788 1198 853 κατ’
1214 785 1363 866 άπόκαρ-
1342 791 1393 841 -5

258 922 310 962 σιν
331 896 520 983 κατεκρίθη·
564 894 656 961 καίό
681 900 748 961 reio
770 892 971 976 οικειοτάτων
991 892 1078 976 αότῷ
1097 882 1203 977 εις,
1186 878 1212 952 ὦ
1241 890 1296 951 κατ’
1323 885 1361 951 τά

259 998 374 1081 κράτος
394 1002 523 1079 μέλλειν
543 1002 721 1081 περιθεῖναι
759 1001 979 1080 κατηγορεῖτο,
1001 1016 1065 1058 των
1086 991 1266 1077 ὀφθαλμῶν
1292 992 1365 1070 μετ’

256 1098 365 1183 σ’λίγον
386 1100 557 1183 ἐστέρηται.
635 1150 642 1166 ,
1250 1087 1253 1090 ’

359 1198 566 1280 Ἀπαλλαγείς
599 1191 655 1263 οδν
684 1197 700 1261 ό
733 1194 887 1279 βασιλεῦς
914 1198 969 1279 τῆς
997 1192 1152 1277 τοσαύτης
1179 1190 1366 1277 φροντίδος,

120 1346 125 1359 .
182 1350 187 1359 ,
261 1299 307 1384 εἰς
327 1296 438 1383 ἐτέρου
466 1289 563 1376 αὖθις
595 1297 732 1385 α’νάγκην
749 1298 893 1365 ἐ’νὲπεσε.
947 1294 1083 1376 πόλεμος
1103 1292 1163 1379 γάρ
1184 1291 1368 1378 άλλόφολος
1379 1314 1416 1367 10

259 1396 409 1475 ναοτικός
428 1391 505 1483 άχρι
518 1403 571 1484 τῆς
586 1401 806 1483 Προποντίδος
823 1395 882 1482 τὴν
900 1399 1051 1479 βασιλίδα
1065 1392 1228 1479 κατέλαβε,
1246 1396 1370 1457 πλοίων

259 1496 420 1567 Ῥωσικοδν
456 1503 519 1565 τάν
552 1500 766 1585 τετρακοσίων
802 1498 859 1561 οδκ
892 1491 1100 1561 άποδεόντωνΧ
1127 1491 1371 1616 όπιρραξάντων

263 1602 357 1689 ποτῇ,
379 1600 612 1686 καταφράκτων
634 1595 739 1674 ὅπλοις
756 1622 789 1664 τε
808 1624 859 1662 και
855 1593 1065 1685 ’πολεμικη
1050 1600 1198 1681 εμπειρίφ
1219 1620 1271 1659 και
1267 1593 1371 1679 ’πλη-

262 1706 315 1767 θει
336 1704 399 1767 τάν
420 1704 453 1765 ἐν
475 1704 583 1777 αότοῐς
608 1698 824 1766 εἰσπλεόντων.
868 1724 921 1763 και
950 1705 1078 1822 κατεῖχε
1101 1697 1198 1784 φόβος
1220 1720 1278 1781 την
1295 1691 1373 1758 Βό-

265 1804 375 1882 ζαντος
398 1804 455 1866 oda
477 1804 645 1886 ἐλάχιστος
667 1799 720 1866 διά
741 1800 778 1865 τό
803 1796 1028 1886 ἀπαράσκευον
1050 1800 1084 1863 ε’ττ
1106 1799 1158 1882 τῆς
1179 1794 1372 1915 α’προόπτου
1385 1812 1419 1864 15

193 1982 194 1985 Ἴ
263 1904 322 1969 τοῦ
342 1901 455 1978 ἔθνους
484 1902 661 1990 ε’πιδημιᾝας
712 1896 799 1984 ὅμως
824 1900 863 1967 τά
884 1896 1112 1986 παρατυχόντα
1140 1896 1249 1984 μακρά
1269 1903 1374 1961 πλοῖα
1443 1912 1452 1933 ⁸

264 2005 319 2069 καί
340 2002 452 2079 λοιπάς
473 2000 584 2085 ἑτέρας
605 2006 685 2079 ναός
711 2003 883 2085 πολεμικάς
903 2000 921 2063 ό
946 2000 1097 2083 βασιλεύς
1117 1999 1371 2083 συστησάμενος,

266 2105 322 2170 καί
344 2106 455 2191 πεζικῇ
478 2100 615 2187 δυνάμει
644 2102 718 2180 τοός
749 2103 1001 2188 παρακειμένους
1028 2099 1192 2185 αἰγιαλοός
1211 2121 1370 2183 συμπερι-

199 2204 205 2216 “
264 2204 393 2287 λαβάν,
421 2207 476 2270 καί
501 2204 686 2291 προσθηκην
715 2200 859 2269 ἑκάστοτε
889 2206 944 2287 τῆς
977 2205 1106 2288 πεζικῆς
1135 2201 1191 2267 κατ’
1217 2201 1372 2283 ναυτικῆς

266 2296 623 2393 ι’σχόοςϋλαμβανόόσης
644 2303 698 2371 διά
718 2305 912 2391 γραμμάτων
934 2300 1117 2389 φοιτώντων
1137 2306 1183 2381 εἷς
1204 2301 1263 2376 τάς
1285 2296 1369 2365 κατά
1379 2314 1423 2371 20

266 2404 378 2490 χάραν
399 2402 578 2493 ἡγεμονίας,
603 2411 636 2474 ίν
656 2403 762 2496 ἤμὲρηι
783 2402 893 2497 πράτη
915 2405 971 2490 τῆς
992 2400 1170 2487 ἑβδομάδος
1188 2398 1228 2491 ιῖν
1251 2427 1372 2487 κυρια-

267 2507 323 2592 κη“ν
343 2506 359 2571 ὁ
379 2505 677 2594 χριστιανικυίτατος
707 2502 773 2572 οἶδε
808 2506 883 2586 λαός
913 2506 946 2574 ότι
973 2515 1030 2593 τῆς
1051 2509 1108 2573 τοό
1138 2511 1251 2591 κυρίου
1279 2504 1372 2590 ἡμῶν
1448 2512 1451 2518 ’

268 2609 489 2693 άναστάσεως,
514 2608 646 2687 ἐκτάξας
674 2600 774 2696 άμφω
807 2607 864 2685 τάς
891 2607 1044 2692 δυνάμεις
1076 2609 1210 2695 (α’νῆλθε
1229 2605 1292 2693 γάρ
1315 2603 1375 2670 κατ’

271 2919 380 2972 babuit:
400 2929 427 2972 et
440 2919 618 2972 aemulatione
636 2920 759 2974 omnibus
776 2928 804 2971 et
820 2919 1006 2973 aestimatione
1023 2921 1119 2990 dignus
1139 2919 1287 2974 ridebatur.
1309 2934 1372 2972 curn

271 3000 359 3044 autem
376 2993 522 3059 imperandi
542 2992 647 3044 fortuna
667 2994 771 3046 incerta
784 2993 828 3057 slt,
842 2994 980 3046 aecusatus
999 3001 1028 3044 et
1043 2992 1088 3043 bic
1104 2994 1179 3061 quasi
1198 2992 1373 3043 meditaretur

271 3064 391 3128 iusidias,
413 3063 502 3115 exsilii
521 3065 609 3117 statim
635 3073 661 3117 et
679 3063 869 3131 publicationis
894 3064 1023 3116 bonorum
1043 3072 1071 3115 et
1089 3072 1216 3116 tonsurae
1235 3065 1373 3116 damnatus

272 3143 328 3186 ests
342 3142 368 3186 et
383 3149 418 3185 er
430 3136 661 3204 propinquissimis
680 3137 705 3187 ei
722 3152 801 3199 unus,
821 3151 899 3203 quem
919 3137 996 3188 etiam
1017 3137 1138 3202 potentia
1154 3137 1293 3187 induturus
1310 3149 1374 3186 esse
1474 3143 1480 3170 ε

270 3205 453 3270 accusabatur,
476 3207 562 3260 oculis
581 3223 639 3258 cum
656 3209 748 3274 paucis
770 3209 891 3274 privatus
909 3215 957 3260 est.
995 3207 1123 3260 liberatus
1139 3208 1220 3275 igitur
1235 3221 1284 3258 rex
1298 3213 1375 3258 tanta

272 3292 335 3330 citra
352 3278 380 3328 iu
399 3278 508 3330 alteiam
526 3295 616 3330 rursus
635 3280 862 3332 uecessitudinem
882 3279 983 3330 incidit.

370 3348 476 3400 bellum
496 3351 565 3402 enim
584 3353 755 3418 peregrinum
778 3349 876 3401 navale
894 3365 979 3417 usque
1002 3351 1035 3404 ad
1052 3348 1242 3416 Propontidem
1258 3363 1375 3416 regnum

272 3421 424 3488 occupavit,
453 3437 512 3472 cum
537 3435 620 3472 naves
645 3421 761 3472 Rosicae
788 3421 847 3472 lere
875 3422 1085 3489 quadringentae
1110 3422 1136 3473 id
1159 3421 1375 3490 aggrederentur

271 3494 417 3543 instructae
430 3492 510 3543 armis
522 3499 549 3542 et
567 3490 632 3542 belli
654 3491 751 3557 peritia
772 3499 799 3542 et
818 3490 986 3544 multitudiue
1007 3508 1108 3556 eorum,
1128 3493 1219 3560 quiin
1238 3492 1271 3544 iis
1290 3492 1373 3542 nevi.

273 3570 386 3630 garent:
407 3570 435 3612 et
460 3562 575 3612 obtinuit
595 3563 674 3612 timor
691 3561 819 3628 Byzantis
838 3563 930 3615 urbem
953 3579 1007 3615 non
1025 3565 1149 3615 minimus
1169 3579 1229 3614 cum
1249 3576 1303 3613 nen
1324 3577 1374 3613 es.

273 3640 333 3684 seut
348 3633 433 3699 parati
447 3641 557 3701 propter
575 3634 787 3700 inexspectatum
807 3633 900 3700 populi
912 3636 1063 3688 adveutum.
1103 3643 1192 3686 tamen
1212 3649 1281 3702 quae
1302 3633 1375 3684 forte

273 3703 381 3754 fortuna
399 3704 518 3767 aderant,
536 3719 619 3756 naves
640 3703 735 3772 longas
757 3713 784 3756 et
802 3704 907 3773 reliqna
929 3705 983 3757 alia
1002 3707 1111 3773 navigio
1129 3705 1228 3757 bellica
1245 3719 1295 3756 rex
1312 3720 1376 3755 cum

274 3776 469 3842 composuisset
486 3783 512 3826 et
523 3776 640 3842 pedestri
652 3777 773 3828 exercitu
790 3777 879 3828 vicina
898 3777 977 3829 litore
994 3778 1125 3830 firmasset
1144 3780 1256 3845 cumque
1276 3791 1375 3828 acces-

273 3847 375 3899 sionem
389 3846 505 3916 nndique
519 3848 560 3900 vis
571 3848 702 3914 pedestris
723 3856 750 3899 et
760 3847 864 3900 navalis
877 3850 1036 3915 accepisset,
1055 3847 1140 3900 literis
1160 3864 1227 3915 quae
1246 3847 1375 3914 divulga.

218 3973 221 3981 ,
273 3925 367 3968 rentur
378 3919 406 3968 in
417 3920 494 3987 regni
506 3919 627 3986 imperis,
641 3919 686 3970 die
697 3920 782 3987 primo
796 3919 974 3984 hebdomadis,
986 3935 1063 3986 quum
1076 3919 1234 3970 dominicam
1247 3917 1376 3970 christia.
1473 3977 1477 3984 ¹

273 3989 397 4041 missimus
420 3991 497 4041 novit
516 3990 631 4057 populus
654 4006 687 4042 ex
711 3991 811 4042 domiui
831 3991 916 4042 uestri
935 3992 1146 4055 resurrectione,
1171 3999 1311 4058 postquam
1328 3991 1377 4041 ln.

269 4061 371 4112 *struxit
388 4060 478 4113 ambos
505 4062 658 4114 exercitus:
679 4062 815 4128 profectus
839 4069 881 4113 est
901 4062 971 4112 enim
991 4063 1094 4128 etipse
1113 4077 1173 4114 cum
1190 4063 1267 4131 regia
1286 4076 1376 4113 nave:

275 4139 302 4184 et
321 4146 368 4185 eos
390 4131 533 4188 clamorem
552 4133 681 4191 bellicum
701 4135 781 4188 edere
799 4134 892 4198 iussit,
912 4134 1070 4201 supervenit
1087 4132 1195 4200 hostes,
1214 4147 1308 4201 proras
1325 4147 1377 4186 or-
