2967 4825
442 303 446 312 ‚
540 264 749 341 mamma
868 284 880 375 j
1122 271 1193 342 rra

103 447 179 508 γνων
198 425 256 511 την
275 428 417 509 ίμαοτοῦ
438 433 611 515 σωτηριάν,
632 425 708 496 ὅσον
736 430 794 515 την
816 434 879 497 aas
894 432 1062 515 Ῥωμαίων
1082 437 1194 517 κατέγ-

103 548 160 589 νων
180 524 298 593 δειλίαν
329 521 351 612 ἢ
380 528 605 615 ἀπειροκαλίαν
632 527 904 619 ἢταπειτάτητα·
959 531 1114 619 τοσαύτης
1135 531 1194 620 γάρ

102 630 259 713 γενομένης
272 632 459 716 καταφοράς
474 629 530 696 καί
542 626 639 718 ἥττης
650 635 713 698 τῶν
731 632 899 717 Ῥωμαίων
916 633 975 719 πρά
993 636 1049 719 τῆς
1070 657 1196 719 παρεμ-

87 728 200 818 βολῆς,
221 728 325 805 οδδείς
343 734 404 795 τω“ν
419 734 536 797 λοιποάν
558 728 662 817 λόχων
676 737 732 799 καί
743 737 889 819 λοχαγῶν
911 737 955 811 εἷς
978 724 1102 818 άμωναν
1123 735 1195 820 διη-

81 828 241 910 opidium,
268 823 349 895 άλλά
379 832 493 910 πάντες
525 830 615 900 ἔνδον
643 834 817 921 καθήμενοι
851 838 981 911 ἕκαστος
1013 832 1049 902 τά
1080 838 1194 921 οἰκεῖον

101 924 185 1011 ἔργον
205 929 248 1007 τάς
269 931 322 997 διά
339 938 450 1019 φιλίας
471 938 528 1017 γῆς
550 933 796 1020 ἔνοκηνσάμενος
830 937 1050 1023 διεπράττετο,
1070 940 1125 1003 καί
1145 939 1195 1001 κί-

100 1054 182 1114 νησις
199 1037 309 1116 ψυχῆς
329 1035 398 1101 οόδ’
420 1038 540 1119 α’γωνία
561 1036 691 1113 τούτους
712 1035 747 1103 τά
769 1037 921 1125 παράπαν
943 1022 1131 1126 ἐξώρμησεν.

186 1131 224 1198 Ὁ
248 1136 284 1201 δὲ
311 1134 463 1218 βασιλεάς
484 1134 574 1202 ἔνδον
603 1144 661 1203 τοῦ
683 1139 822 1223 ’κάοτροο
853 1141 967 1206 τούτου
990 1141 1198 1224 μεμαθηκώς,

99 1231 172 1313 μετά
197 1238 314 1321 πολλῆς
338 1241 394 1322 τῆς
416 1236 508 1314 άνιός
535 1242 657 1304 ἐκεῖθεν
686 1239 869 1307 ἔπανελδοδν
893 1242 974 1327 πράς
994 1242 1047 1307 τὸν
1066 1242 1194 1326 χάρακα

65 1333 172 1415 mpod
208 1340 271 1401 τοῖν
303 1339 460 1405 σονάντων
488 1339 576 1429 αὐτῷ
605 1345 853 1421 Καππαδοκῶν,
883 1343 1001 1428 πολλὴν
1023 1343 1079 1407 καί
1099 1341 1195 1419 ου’τὸς

98 1436 148 1519 τὴν
163 1435 354 1524 άβελτηρίαιι
377 1444 514 1524 κατέγνω
533 1444 650 1507 τούτων
673 1443 727 1507 καί
746 1447 807 1509 τεάν
823 1445 991 1526 Ῥωμαίων
1006 1444 1097 1524 ὁμοῦ.
1143 1440 1192 1507 διά
1265 1494 1272 1501 ,

42 1596 48 1599 ,
98 1532 185 1620 καίῆ
209 1536 265 1617 νάξ
287 1542 390 1625 ἐκείνη
411 1541 532 1618 πάντας
554 1539 641 1626 εἶχεν
672 1549 707 1609 ἔν
729 1550 852 1611 ἐλπίσιν
884 1546 942 1610 οίκ
965 1546 1115 1629 άγαδαίς,
1139 1569 1194 1609 κα·

97 1636 162 1702 δάτι
187 1638 242 1703 καί
261 1638 294 1704 τά
319 1639 414 1720 πεζδν
434 1634 519 1707 dccv
542 1647 605 1708 τοῖν
628 1647 811 1729 Ἀρμενίων,
836 1649 1007 1729 ἐπιταχθὲν
1030 1650 1195 1711 διανυκτε-

51 1802 54 1809 ,
97 1737 198 1820 ρεάειν
220 1744 294 1824 περί
314 1739 370 1825 την
392 1740 517 1828 τάφρον
540 1747 573 1809 ἔν
601 1748 863 1828 προτειχίσματι,
884 1747 1083 1812 α’ποσταοίαν
1103 1746 1195 1812 ἔσκά-

64 1856 187 1923 ltaque,
209 1836 254 1924 μη
281 1845 507 1926 πειθαρχῆσαν
535 1851 598 1918 τοῖς
622 1848 763 1925 λέγουσι.
814 1845 869 1911 καί
889 1845 908 1930 ἦ
935 1848 993 1926 μὲν
1015 1843 1072 1922 νάξ
1095 1848 1196 1927 ἐκείνη

97 1939 222 2022 δριμείά
241 1966 288 2018 τις
306 1942 361 2007 καί
373 1947 486 2032 βαρεῖα
500 1954 567 2021 τοῖς
579 1944 747 2026 Ῥωμαίοις
762 1948 997 2012 διατετέλεστο·
1049 1938 1138 2010 οὔπω
1168 1944 1198 2009 δ’
1278 1936 1281 1943 Δ

97 2038 196 2125 ἡμέρα
217 2041 337 2132 προῄει,
358 2043 412 2109 καί
428 2041 458 2108 οἷ
480 2050 624 2126 πολέμιοι
645 2042 701 2110 τάν
721 2045 851 2131 χάρακα
873 2050 1067 2135 πανστρατιᾷ
1087 2050 1198 2129 περιέ-

98 2142 208 2217 ζωσαν.
251 2142 446 2228 μεμαθηκώς
467 2143 529 2230 γάρ
555 2141 571 2209 δ
594 2148 652 2209 τοῦ
675 2144 791 2212 Χάλεπ
813 2139 922 2233 ἅρχων
949 2147 984 2211 τὸ
1009 2144 1198 2231 προγεγονὸς

97 2246 277 2329 προτέρημα
304 2244 392 2331 παρά
411 2251 606 2334 τῆς’μοίρας
628 2250 725 2313 αὐτοῦ
737 2296 748 2329 ,
770 2250 845 2330 μεθ’
869 2245 943 2333 άλης
965 2240 1019 2333 ἧκε
1042 2253 1097 2333 τῆς
1120 2243 1198 2313 ἔαυ-

61 2347 151 2420 γρτοῦ
171 2343 338 2428 δυνάμεως
369 2346 411 2426 ὥς
442 2349 593 2433 αδτοβοεί
622 2347 767 2434 αἱρήσων
797 2347 848 2416 τὸν
876 2354 1010 2432 βασιλέα
1040 2347 1121 2430 μετά
1144 2350 1199 2432 τῆς

98 2444 253 2532 οονοάσης
280 2449 367 2536 αὐτῷ
388 2456 549 2532 στρατιάς.
603 2451 657 2515 καί
691 2448 720 2514 οἱ
749 2455 809 2532 μὲν
830 2445 915 2516 οάτω
938 2449 1198 2536 περιιππεύοντες

98 2545 180 2629 ἡμᾶς
214 2549 270 2614 καί
289 2553 460 2635 θηριωδῶς
490 2537 701 2638 ἐκφοβοῦντος
729 2561 801 2628 ταῖς
830 2557 1042 2636 βαρβαρικαῖς
1066 2553 1198 2624 ὑλακαῖς

98 2648 134 2710 od
156 2651 314 2715 διέλιπον·
368 2647 384 2714 ὁ
415 2656 451 2716 δὲ
479 2651 631 2736 βασιλεάς
664 2651 753 2728 ἑοτάς
780 2657 837 2737 τῆς
866 2659 980 2738 σκηνῆς
1009 2651 1199 2739 διαγράφων

166 2825 209 2877 15.
229 2831 287 2883 τοῖς
305 2821 465 2896 λοχαγοῖςλ

96 2988 175 3059 igitur
195 3003 248 3059 ego
260 3005 431 3060 quoquenon
444 2996 545 3042 tantum
561 2989 733 3059 desperabam
751 2993 783 3046 de
799 3007 859 3044 mea
877 2987 963 3044 salute
976 2999 1101 3060 quantum
1113 2985 1197 3043 Grae.

97 3074 185 3114 corum
205 3063 401 3132 cognoscebam
420 3064 555 3132 ignaviam
570 3064 616 3116 vel
633 3066 748 3132 ineptias
768 3063 813 3116 vel
833 3065 998 3116 tenuitatem.
1036 3071 1108 3114 tauta
1128 3064 1197 3114 enim
1242 3118 1247 3124 ,

97 3135 164 3187 facta
182 3135 263 3187 ruina
282 3145 313 3187 et¹
332 3135 407 3186 clade
428 3135 589 3188 Graecorum
608 3145 669 3187 ante
698 3145 794 3200 castra,
812 3151 890 3186 nemo
919 3134 1083 3202 reliquarum
1102 3141 1198 3186 centu.

96 3208 192 3258 riarum
213 3214 242 3258 et
259 3208 443 3260 centurionum
467 3209 500 3260 ad
517 3209 661 3259 arcendum
690 3209 820 3260 excitatus
848 3215 920 3260 erat:
950 3206 997 3258 sed
1017 3221 1107 3258 omnes
1127 3207 1199 3257 intus

96 3280 220 3332 sedentes
238 3295 313 3330 suum
333 3281 446 3347 quisque
466 3293 532 3346 opus
552 3281 627 3348 quasi
646 3281 673 3330 in
692 3281 825 3332 sociorum
846 3286 936 3332 essent
954 3286 1025 3329 terra
1043 3276 1201 3342 perficiebat

97 3359 122 3401 et
138 3361 228 3404 motus
248 3351 329 3402 animi
348 3366 435 3420 neque
457 3366 524 3404 vero
544 3351 693 3419 periculum
712 3351 761 3404 hos
782 3353 889 3402 omnino
910 3348 1045 3401 excitavit.

194 3425 254 3476 Rex
274 3432 362 3475 autem
389 3423 416 3472 in
438 3423 551 3476 castello
580 3423 632 3475 hoc
650 3425 744 3476 videns
765 3423 824 3474 cuin
850 3421 933 3474 multa
951 3419 1119 3487 aegritudine
1138 3418 1200 3468 inde

96 3510 222 3547 reversus
241 3497 274 3547 ad
293 3496 394 3549 vallum
412 3511 472 3548 cum
496 3495 698 3563 Cappadocibus
717 3497 762 3564 qni
783 3497 808 3546 ei
825 3496 943 3558 aderant,
969 3490 1077 3543 multam
1097 3490 1201 3556 etipse

97 3566 235 3619 stultitiam
255 3569 385 3636 cognovit
403 3569 498 3622 horum
518 3577 545 3619 et
556 3568 717 3620 Graecorum
735 3567 823 3619 simul.
861 3564 1031 3635 quamobrem
1050 3564 1128 3614 etiam
1146 3575 1202 3612 nox

97 3637 143 3688 illa
162 3655 256 3692 omnes
286 3640 395 3692 tenebat
412 3643 441 3692 in
467 3640 712 3709 exspectationibus
737 3655 792 3691 uon
816 3638 909 3702 bonis,
936 3636 998 3704 quia
1018 3635 1097 3686 etiam
1116 3634 1201 3700 pede-

97 3710 157 3761 stris
178 3712 313 3763 exercitus
337 3714 422 3765 omnis
440 3714 628 3767 Armeniorum
647 3715 735 3763 iussus
754 3719 860 3762 noctem
880 3709 980 3777 degere
1000 3708 1071 3759 circa
1092 3705 1201 3766 fossam,

98 3782 124 3832 in
142 3783 335 3835 munitionibus
362 3786 542 3838 anterioribus
561 3783 740 3834 deiectionem
769 3783 911 3832 meditatus
931 3788 980 3844 est,
1000 3793 1054 3830 non
1074 3777 1202 3828 obediens

98 3853 304 3920 imperantibus:
328 3863 407 3924 atque
426 3873 481 3908 nox
499 3857 605 3926 quidem
623 3853 672 3905 illa
689 3862 720 3904 ut
738 3853 834 3904 acerba
852 3851 943 3919 aliqua
963 3859 989 3901 et
1007 3849 1097 3917 gravis
1118 3846 1203 3899 Grae·
1263 3883 1269 3889 -

100 3925 136 3976 cis
155 3935 265 3993 peracta
285 3935 357 3978 erat:
377 3930 495 3980 nondum
519 3937 607 3980 autem
626 3927 684 3979 dies
704 3925 849 3989 oriebatur,
870 3932 897 3974 ct
915 3922 1007 3974 hostes
1028 3919 1128 3971 vallum
1146 3925 1203 3968 toto

100 4012 157 4048 cum
178 3999 299 4050 exercitu
323 3999 471 4052 cinxerunt.
508 4008 649 4068 postquam
669 3999 739 4050 enim
759 3997 862 4048 audivit
878 3992 990 4058 Chalepi
1008 3991 1134 4058 princeps
1153 4004 1204 4040 an.

98 4070 258 4141 teaxiactam
276 4072 418 4123 victoriam
437 4088 453 4122 a
471 4081 547 4139 parte
566 4086 623 4134 sua,
644 4087 703 4121 cum
723 4076 779 4122 tota
807 4068 883 4120 venit
902 4080 949 4118 sua
966 4064 993 4116 vi
1014 4071 1044 4113 nt
1061 4061 1136 4114 illico
1157 4068 1220 4138 cat-¹

98 4150 176 4207 peret
195 4158 286 4212 regem
306 4159 365 4194 cum
385 4145 507 4196 exercitu
526 4146 573 4213 qui
594 4142 743 4197 eiaderat:
764 4147 843 4209 atque
865 4136 916 4189 'iiii
935 4136 1051 4204 quidem,
1070 4137 1107 4186 ita
1126 4133 1205 4200 equi·
1273 4139 1277 4146 '

97 4217 156 4266 tare
172 4216 244 4267 circa
261 4229 312 4267 nos
332 4222 359 4266 et
377 4215 493 4268 ferarum
503 4218 587 4269 instar
602 4229 653 4268 nos
667 4221 770 4266 terrere
786 4210 906 4265 barbaris
925 4207 1071 4262 ululatibus
1082 4221 1135 4258 non
1155 4204 1204 4256 de.

131 4348 135 4353 .
172 4311 253 4386 Ιμι.
273 4310 355 4364 Atat.
378 4311 446 4365 iios.
1000 4305 1018 4356 8
