2967 4825
491 271 798 363 στενακτά·
985 260 987 266 ’
1170 282 1334 390 τοι

117 438 220 525 πέδῳ·
264 440 319 503 καί
338 434 399 523 γάρ
432 432 775 527 ἧνέξεστρατευμένος
805 440 822 507 ό
852 441 940 529 παρά
963 447 1117 527 βασιλέως
1137 450 1222 513 cino·

116 539 246 615 σταλείς
268 536 355 620 ’μετά
386 542 449 603 τοόν
479 535 665 623 Ῥωμαϊκῶν
697 546 864 626 δυνάμεων
894 546 941 621 εἰς
962 545 1221 644 άντιπαράταξιν.

117 638 174 711 καί
194 638 294 706 πολλά
317 642 438 725 δράσας
459 650 523 717 τοῖς
544 648 719 723 βασιλικοῖς
739 648 966 770 separatienem,
987 652 1042 712 καί
1062 641 1221 735 καταπλή-

66 744 172 822 ξας
202 743 241 829 τῇ
261 741 440 832 ἀναπαίστῳ
470 744 585 809 τούτου
616 749 701 833 φορά
731 747 785 812 καί
814 757 879 823 τοῖς
903 748 1118 833 οἶκειοχείροις
1143 756 1221 835 πλη.

87 850 187 926 ὅγαίς
213 841 284 927 (καί
301 842 363 940 γάρ
384 834 474 919 οὗτος
504 847 563 908 rori
592 847 734 930 πλήθους
755 854 964 932 προεπολέμει
981 872 1013 913 τε
1045 852 1099 915 καί
1122 872 1220 935 προε-
1265 882 1275 893 ·

115 939 290 1028 κινδύνευε,
313 968 365 1009 και
390 945 448 1009 οόκ
471 938 509 1029 ἦν
532 940 567 1021 ilc
587 948 629 1035 τῶ
652 945 804 1037 φασγάνῳ
833 947 947 1013 τοότου
970 950 1221 1067 τραυματισδεις
1246 973 1249 979 “

115 1044 154 1107 oti
176 1047 230 1135 api
249 1040 357 1129 ἦμίσει
386 1046 442 1110 κάι
467 1050 587 1131 πλείονι
616 1045 858 1132 περιερρηγνυτο
887 1046 1027 1130 σάματι·
1078 1050 1220 1127 τοιοῦτος

115 1143 370 1229 α’καταμοόνιστος
385 1144 441 1211 καί
461 1122 621 1231 σταθηρός
641 1144 842 1232 ἐγινώσκετο,
865 1152 965 1232 μίμας
986 1147 1068 1229 όμοό
1091 1148 1144 1213 καί
1161 1150 1220 1213 εό-

114 1245 254 1327 ρόνοοτος
275 1245 328 1311 καί
348 1244 405 1332 την
428 1239 505 1329 ὅφιν
526 1246 663 1332 φοβερός
685 1245 943 1331 καθιστάμενος,
968 1250 1025 1315 κάν
1047 1259 1117 1327 ταῖς
1138 1254 1219 1331 βου-

68 1352 186 1425 1ολαῖς
218 1349 423 1435 διαφέρων),
454 1351 509 1413 καί
538 1352 743 1432 κατορθῶσαι
771 1346 827 1431 την
855 1348 942 1433 νίκην
971 1345 1032 1433 ἤδη
1061 1352 1130 1416 δότε
1160 1372 1247 1427 unq,
1269 1371 1356 1433 1702,

113 1450 320 1533 ταλειφθείς,
350 1454 405 1515 καί
426 1446 512 1533 παρά
532 1452 594 1515 τοῖν
621 1450 775 1515 πλείστων
797 1450 947 1515 ἐναντίων
969 1450 1218 1537 ἐπευφημοόμε·
1418 1454 1422 1470 “

112 1572 187 1634 νος,
216 1545 270 1617 ἐπί
288 1553 369 1615 πόλει
395 1554 458 1616 τοδν
482 1547 613 1633 dyadema
633 1553 690 1615 τοῦ
713 1552 812 1614 ἵππου
833 1547 1023 1632 αότομάτοος
1048 1556 1219 1638 κατέρρευ-Ι
1287 1543 1292 1547 ”

112 1675 177 1732 σευ,
201 1640 252 1715 οἶα
273 1648 313 1715 τά
338 1654 395 1717 τοῦ
416 1656 508 1717 θεοῦχ
519 1655 670 1741 κρίματα,
691 1656 747 1715 καί
768 1650 886 1735 άδιγης
907 1648 1018 1734 ἔιιειιο,
1042 1660 1218 1739 σκαιτορίαν

112 1744 247 1818 εἶναιτὸ
268 1754 400 1836 πρᾶγμα
424 1756 487 1819 τῶν
516 1752 692 1817 άντιδέτανν
714 1756 869 1840 οἰομένῳν
895 1757 950 1819 καί
978 1753 1131 1840 σόφισμα.
1175 1755 1219 1832 σός
1299 1798 1303 1802 -

66 1872 102 1927 15
112 1856 150 1917 δὲ
172 1841 412 1937 παρεμυμνοῦια
431 1851 464 1919 τό
487 1856 613 1939 atquin,
636 1852 846 1935 ἐκδραμόντες
867 1854 977 1920 πολλοί
995 1856 1219 1941 κείμενονζαόὸ

111 1953 170 2023 τόν
191 1957 241 2021 ἐπ’
264 1955 405 2043 ἐδάφους
439 1960 636 2039 κατέλαβον,·
673 1958 782 2036 αἵματι
815 1954 989 2039 διάβροχον
1013 1960 1068 2020 καί
1089 1960 1218 2041 καιρίαν
1274 2017 1281 2021 .

113 2054 229 2139 ἔχοντα
250 2054 328 2121 κατά
348 2058 405 2142 τῆς
428 2061 577 2142 πλευράς.
603 2058 642 2143 τῇ
664 2054 781 2121 πτώσει
799 2060 905 2142 τοίνυν
927 2059 1114 2144 αότοόμῶν
1135 2058 1217 2143 οἰμφ’

113 2155 213 2225 αότόν
238 2160 544 2241 διασκεδασθέντων,
566 2161 621 2223 καί
641 2154 855 2242 παλιντρόπου
876 2161 1042 2243 γενομένης
1054 2162 1109 2243 τῆς
1124 2157 1220 2244 νίκης,
1325 2222 1332 2234 ,

113 2260 296 2343 ἐπανῆλθον
327 2256 357 2324 οἱ
386 2261 444 2325 τοῦ
473 2263 630 2341 βασιλέως
660 2262 746 2346 χαρᾷ
779 2261 833 2322 καί
860 2259 951 2346 φόβῳ
983 2261 1218 2343 διηγηματικῶς
1304 2292 1306 2296 ·
1396 2292 1399 2297 ⁴

68 2357 342 2443 νοσυνεχόμενοι·
392 2363 435 2450 τῳ
465 2358 679 2446 προτερήματι
708 2357 768 2443 γάρ
801 2356 846 2443 μη
870 2356 1072 2444 ἐπαιρόμενοι
1096 2358 1130 2424 τό
1154 2363 1217 2426 πάν

115 2461 155 2548 τῇ
175 2465 251 2548 θείᾳ
272 2465 361 2551 δεξιά
385 2463 609 2548 ἐπεγράφοντο.
1217 2454 1220 2456 V

222 2562 451 2648 Θριαμβεόσας
471 2562 539 2633 δέό
562 2565 619 2648 την
640 2563 811 2648 ἡγεμονίαν
832 2561 976 2649 ἐσχηκώς
1001 2565 1056 2628 rod
1078 2567 1217 2645 πολέμου

188 2753 214 2812 9.
234 2756 441 2830 εδρδνιοτοςῦ.
541 2761 581 2815 10.
601 2760 798 2834 όποληφδεὶςῖ
906 2761 949 2815 18.
970 2761 1218 2821 διασκεδασθέντα

155 2829 220 2884 G
242 2831 360 2884 correxit
375 2830 516 2885 Brunetus.
582 2889 584 2896 ,

111 2995 263 3081 ’προκείσεται
282 3005 386 3065 ternpus
405 2998 562 3068 aggreditur
580 2985 693 3050 maxima
711 2999 788 3066 regia
805 3007 910 3062 eastra3
930 3000 1028 3050 etenim
1046 3007 1103 3051 erat
1120 3014 1215 3068 egres-

111 3083 158 3120 sus
178 3070 271 3137 regius
299 3068 404 3137 legatus
430 3085 489 3121 cum
507 3070 684 3122 Romanorum
704 3071 808 3123 viribus
833 3071 866 3122 ad
885 3072 1082 3156 oppositionem
1101 3079 1128 3122 et
1145 3071 1217 3125 mul·

111 3147 167 3190 turn
194 3139 331 3193 facessens
355 3142 439 3209 regiis
463 3141 592 3194 militibus
623 3149 649 3192 et
679 3149 783 3193 terrens
809 3139 973 3193 intolerabili
998 3145 1026 3194 vi
1055 3151 1082 3194 et
1098 3134 1217 3211 propriis

111 3211 227 3277 ictibus,-
253 3213 350 3264 eteuim
380 3213 424 3264 hio
452 3229 501 3280 pro
519 3213 688 3264 multitudino
714 3213 849 3282 pugnabat
879 3221 905 3264 et
933 3212 1054 3280 pericula
1070 3215 1219 3266 sustinebat

110 3299 201 3352 neque
220 3285 357 3352 quisquam
377 3291 446 3350 erat,
471 3286 519 3352 qui
537 3285 626 3353 gladio
658 3284 736 3336 huius
761 3285 917 3337 vulneratus
934 3299 988 3334 nou
1006 3287 1093 3336 medio
1113 3294 1140 3337 et
1156 3287 1217 3354 plus

111 3356 282 3422 frangeretur
298 3371 422 3422 corpore,
442 3357 503 3408 talis
522 3357 663 3423 indomitus
684 3365 710 3408 et
730 3359 853 3407 immotus
872 3355 1027 3419 habebatur,
1046 3370 1157 3423 magnus
1176 3359 1216 3407 si.

7 3485 11 3492 ,
109 3426 166 3478 mul
187 3435 215 3478 et
232 3426 345 3479 latorum
362 3429 545 3492 humerorum,
566 3437 593 3479 et
610 3429 637 3478 in
657 3435 803 3494 conspectu
821 3427 951 3479 terribilis
969 3429 1096 3490 existens,
1118 3436 1145 3478 et
1162 3443 1236 3480 νο-’

110 3500 217 3550 luntate
237 3499 371 3564 differens,
393 3509 419 3551 et
440 3502 473 3552 ad
493 3501 677 3566 reportandam
695 3501 836 3552 victoriam
857 3501 908 3550 iarn
925 3507 981 3549 turn
1002 3498 1129 3563 relictus,
1155 3508 1216 3550 eta

109 3570 234 3638 plurimis
260 3569 380 3626 hostibus
404 3572 545 3625 laudatusr
576 3573 603 3622 in
627 3573 680 3623 line
704 3573 876 3624 certaminum
902 3587 936 3622 ex
955 3585 1024 3639 equo
1043 3572 1100 3637 ipse
1118 3587 1167 3637 per
1185 3586 1216 3622 se

108 3643 220 3705 decidit,
239 3641 329 3710 qualia
346 3652 408 3697 sunt
425 3645 468 3695 dei
489 3642 605 3706 iudicia,
631 3652 658 3694 et
676 3644 799 3694 immotus
818 3643 933 3706 iacebat,
959 3659 1017 3693 oum
1045 3642 1134 3693 dolum
1156 3658 1216 3693 esse

108 3729 166 3766 rem
196 3713 344 3778 aduersarii
362 3723 485 3783 putarent
503 3721 530 3764 et
549 3715 698 3766 artificium.
736 3729 795 3766 cum
815 3723 903 3766 autem
922 3715 1094 3782 detegeretur
1111 3728 1216 3779 verum,

108 3795 283 3838 accurrentes
296 3787 372 3839 multi
389 3789 520 3838 iacentem
540 3799 599 3836 eum
612 3786 684 3836 humi
705 3788 868 3838 invenerunt
887 3788 1018 3854 sauguine
1037 3785 1168 3836 madidum
1190 3793 1217 3836 et

109 3858 209 3911 vulnus
233 3857 368 3910 letiiamm
381 3858 522 3910 habentem
541 3858 568 3907 in
587 3857 687 3910 lateret
709 3873 772 3910 oasa
790 3859 872 3925 igitur
892 3859 949 3909 eius
968 3873 1026 3908 cum
1043 3858 1088 3923 qui
1106 3871 1122 3907 a
1139 3863 1216 3922 purte

109 3931 168 3983 eius
181 3929 286 3982 stabant
296 3929 498 3996 dissiparentur,
512 3937 540 3980 et
556 3937 758 3996 retorqueretur
775 3930 899 3993 viatoria,
912 3929 1050 3999 redierunt
1063 3929 1133 3994 regii
1146 3943 1214 3996 gau.
1227 3964 1230 3971 .

108 4001 154 4052 dio
175 4010 202 4052 et
220 4008 292 4064 metu
310 4001 338 4052 iu
348 4003 502 4054 narratione
516 4003 599 4066 eapti:
619 4001 734 4052 victoria
754 4002 824 4052 enim
837 4016 891 4052 nou
911 3999 974 4051 elati
993 4015 1049 4051 rem
1061 4001 1215 4051 universam

108 4073 219 4127 divinae
239 4073 347 4124 dextrae
368 4072 555 4124 attribuebant.

210 4145 384 4214 Triumphans
411 4152 500 4195 autern
523 4147 568 4212 qui
595 4145 734 4211 imperium
765 4143 894 4197 habuerat
915 4143 982 4195 belli
1005 4143 1215 4210 sebastophorns

109 4217 261 4284 Stephanus
279 4231 328 4284 per
347 4215 434 4270 iorum
447 4218 546 4283 primos
566 4217 683 4271 honores
703 4217 774 4284 apud
793 4229 884 4284 regem
902 4216 986 4269 multo
999 4231 1058 4268 cum
1069 4215 1215 4283 splendore
