2967 4825
267 268 315 341 ιε
564 253 1101 344 uremuuutmauoms'

264 428 412 513 ὅμαίμων
444 428 531 507 ἒιιτὸς
551 417 655 516 ναοῦ,
683 428 738 495 καί
755 432 877 511 γίνεται
907 416 1059 515 συμφυΐιι
1088 423 1145 489 καί
1174 416 1372 505 ἀλληλουχία

265 526 371 617 ὥσπερ
397 532 453 598 τοῦ
474 534 607 613 αἵματός
629 527 772 615 edrard»)
795 531 849 596 καί
872 534 926 615 τῆς
947 530 1026 593 κατὰ
1041 525 1099 611 την
1120 521 1286 609 βασιλείαν
1304 539 1376 580 νισι·

266 635 396 716 νωνικῆς
417 634 602 713 διαθέσεως,
624 637 679 699 καί
700 630 933 716 αιίτοκρα’τσρες
962 623 1061 715 ἄμφω
1078 626 1269 706 θαυμασίως
1292 618 1375 683 α’να·

115 814 118 817 .
180 773 183 795 ι
267 730 460 817 γορεύονται.
481 736 537 799 καί
555 732 671 818 χρόνον
693 731 762 799 τινὰ
792 727 979 797 δι”ὶαυτοόν
1001 722 1156 797 ι’θιίναααι
1179 721 1237 807 τὴν
1259 721 1375 805 α’ρχην,

146 835 326 917 α.1042,τῆς
347 829 519 917 ίιπερορίας
551 837 783 903 crassissimae
817 838 1056 898 Κωνσταντῖνσν
1084 829 1140 893 τὸν
1165 821 1400 905 Μονομιίχον,5

132 912 259 971 ·¹²·¹¹¹¹¹'
270 934 526 1019 ἀριστοκρατικὸν
543 928 646 1018 ἄνδρα
666 938 721 1000 καί
735 938 867 1017 θρίμμα
887 936 942 1016 τῆς
952 930 1083 1014 πόλεως,
1100 926 1240 995 ducatos»
1251 929 1287 991 dd
1298 917 1377 991 dm

269 1032 324 1101 διὰ
336 1032 394 1119 τήν
412 1039 526 1121 α’ρχὴν,
549 1038 603 1103 καί
616 1034 668 1102 διὰ
692 1038 782 1103 τοῦτο
793 1036 880 1119 παρὰ
901 1037 963 1100 τοῖν
980 1033 1087 1117 πραίην
1099 1029 1296 1114 κρατούντων
1308 1052 1378 1113 φο-

268 1137 490 1221 γαιλευόμενον.
534 1136 589 1202 καί
608 1146 801 1221 παραχωρεῖ
817 1137 913 1201 πάλιν
931 1139 987 1218 τῆς
1009 1137 1163 1218 συζυγίας
1184 1130 1205 1216 ἧ
1223 1125 1378 1211 Θεοδώρα

269 1241 309 1324 τῇ
332 1235 518 1325 τιν’ταιλελφῇ
530 1241 618 1325 Ζωῇ,
641 1240 695 1303 καί
716 1231 903 1321 τόνιᾶζυγα
924 1239 995 1318 βίον
1017 1232 1164 1317 αἱρεῖται,
1187 1228 1224 1296 ὃν
1244 1233 1279 1296 ἐκ
1302 1228 1377 1294 παί·

270 1337 335 1401 door
357 1334 528 1421 καὶμέχρι
551 1338 655 1423 γήρως
679 1341 733 1421 τῆς
759 1333 897 1422 ε’σχοίτης
919 1337 1039 1421 ἡμέρας
1061 1322 1256 1420 ἐξήσκησεν(
1389 1336 1419 1389 1⁰

372 1436 657 1520 Ετίεργετικιότερος
688 1441 723 1503 δὲ
744 1441 800 1503 τοῦ
819 1432 1146 1520 προβεβασιλευκότος
1175 1430 1191 1495 ὅ
1219 1432 1379 1512 Masone.

269 1560 329 1621 χσς
351 1537 565 1620 α’ποδειχθείς,
591 1537 645 1602 καί
665 1538 782 1619 πάντας
792 1537 918 1620 «σχεδὸν
942 1542 1117 1619 βασιλικοῖς
1144 1531 1307 1614 ἀξιώμασι
1326 1530 1384 1595 καί

272 1638 442 1721 δωρήμασι
467 1641 644 1722 φιλοτίμοις
667 1636 904 1721 α’ποσεμνιλνας,
926 1640 1067 1722 η’γτίθυνε
1087 1635 1121 1701 τὸ
1143 1632 1299 1719 ὑπήκοον·
1325 1636 1380 1711 ἐξ·

170 1746 172 1751 ’
273 1740 389 1823 αίφνης
412 1740 448 1802 δὲ
470 1742 563 1824 νέφος
597 1742 631 1805 ἐκ
653 1744 708 1826 τῆς
724 1734 863 1822 ἑσπέρας
894 1743 1047 1823 ἐγειρεται
1067 1733 1207 1822 τετριγὸς
1228 1733 1283 1799 καί
1303 1734 1380 1799 ιῖλὲ-

273 1842 368 1921 θριον
398 1836 452 1901 καί
484 1843 703 1923 πανωλεθρίαι
736 1842 823 1927 crispi
854 1844 909 1905 καί
939 1843 994 1924 τῆς
1023 1836 1190 1922 βασιλείας
1222 1834 1420 1901 ductaverit

274 1938 448 2026 υἰπειλοῦν,
471 1939 552 2026 α’νὴρ
582 1940 764 2027 αἱμοχσρὴς
793 1942 848 2008 καί
864 1948 1027 2025 γενναῖος,
1047 1936 1066 2003 o‘
1087 1934 1383 2024 προμνημονευθείς

275 2040 308 2101 Γ
305 2037 456 2125 ειρργιος,
490 2033 515 2129 ᾦ
539 2041 709 2127 Marciana
742 2043 926 2125 σ’πιίνυμον,
956 2044 991 2106 ἐκ
1019 2041 1075 2125 τῆς
1093 2040 1247 2121 Ἰταλικῆς
1276 2038 1383 2122 ἀρχῆς

276 2138 460 2218 ἐπαναστὰς
478 2141 558 2223 μετὰ
585 2146 648 2208 τῶν
674 2146 775 2208 ἐκεῖσε
802 2142 961 2209 συνόντων
988 2133 1192 2227 στρατιωτῶν
1207 2139 1383 2220 Ῥωμαίων

164 2283 166 2287 -
276 2238 336 2304 καὶ
358 2240 537 2324 Ἀλβανῶν,
575 2240 631 2307 tad
661 2241 840 2327 παρόρασιν
872 2246 932 2307 τοῦ
960 2243 1117 2326 βασιλέως
1146 2239 1294 2314 α’νιαθείς
1322 2240 1382 2303 καί

276 2347 550 2428 πραηγηααμίνας·
564 2342 688 2430 ἔχθρας
700 2350 768 2426 μετ’
789 2344 893 2409 αὐτοῦ
913 2343 1036 2420 δεδιώς.
1054 2329 1057 2336 “
1078 2346 1134 2409 καί
1153 2340 1192 2406 τὰ
1210 2340 1270 2424 μὲν
1284 2334 1424 2403 λυιπάλλ

276 2445 340 2508 τοῦν
370 2446 631 2530 συναυτησοίντων
657 2446 884 2530 στρατεύματα
913 2445 1106 2531 συνετάραξε
1134 2447 1189 2508 καί
1216 2445 1385 2523 κατέβαλε,

276 2541 337 2626 πρὸ
372 2543 429 2606 δύο
457 2546 492 2608 δὲ
520 2549 576 2629 τῆς
611 2531 843 2632 Θεσσαλονίκης
874 2549 1003 2631 ἡμερῶν
1030 2535 1391 2631 στρατοπεδευσάμενος·
1468 2608 1472 2628 ¹

277 2641 353 2728 περὶ
373 2642 478 2730 θειλην
501 2644 602 2728 dotas
624 2644 816 2731 προσβάλλει
843 2650 888 2734 τῷ
910 2650 1049 2736 μεγίστην
1068 2645 1222 2731 βασιλικῷ
1241 2662 1385 2726 στρατο-

1464 1910 1470 1942 l

351 2807 393 2858 11.
417 2805 670 2880 ειλεργετικιίτατος
687 2808 717 2863 Ο.

170 2989 172 2996 ’
278 2984 324 3024 sus
345 2970 488 3038 reciperet,
508 2973 601 3024 eodem
628 2974 757 3024 convenit
776 2975 855 3024 etiarn
883 2987 960 3024 soror
985 2969 1227 3037 extra'templumz
1252 2975 1279 3020 et
1297 2968 1386 3038 oritur

278 3043 433 3094 coniunctio
461 3050 488 3094 et
515 3045 653 3114 concretio
678 3052 748 3096 sicut
770 3045 909 3112 sanguinis
935 3046 972 3095 ita
991 3046 1070 3095 etiam
1094 3043 1265 3094 consociatae
1283 3042 1311 3091 in
1330 3041 1385 3090 im.

277 3114 354 3180 perio
373 3113 499 3166 rationist
519 3123 546 3166 et
564 3115 685 3167 dominae
704 3115 797 3168 ambae
814 3117 882 3168 mire
900 3115 1078 3177 declarantur,
1098 3122 1125 3164 et
1142 3129 1190 3181 per
1206 3121 1311 3179 tempus
1328 3111 1386 3162 ali-

279 3185 351 3253 quod
368 3201 417 3251 per
436 3201 466 3238 se
485 3195 611 3253 regentes
630 3189 770 3253 imperium
789 3204 823 3239 ex
841 3187 938 3239 exsilio
958 3187 1088 3240 revocant
1102 3185 1305 3238 Constantinum
1322 3185 1386 3236 llo-
1469 3181 1475 3208 ²

278 3255 445 3320 bennchuir,
461 3258 547 3310 virum
566 3274 600 3310 ex
620 3259 774 3326 optimatum
789 3273 891 3326 genero
908 3267 936 3309 et
952 3259 1104 3326 indigenam
1124 3256 1208 3318 urbis,
1230 3263 1387 3321 suspectum

280 3335 369 3380 autem
387 3327 494 3394 imperii
514 3331 673 3397 capessendi
692 3338 718 3381 ct
738 3339 882 3400 propterea
899 3331 977 3381 abiis
996 3331 1042 3398 qui
1059 3336 1139 3380 antea
1156 3326 1313 3394 regnabant,
1333 3341 1387 3376 ex..

279 3399 394 3467 pulsum.
433 3408 513 3468 atque
532 3401 604 3452 cedit
621 3417 712 3464 rursus
736 3417 770 3452 ex
787 3403 978 3454 coniunctione
1003 3401 1141 3452 Theodora
1158 3399 1246 3450 sorori
1263 3398 1337 3451 Zoae
1358 3404 1388 3447 et
1473 3442 1475 3465 ,

279 3470 426 3525 solitariam
451 3474 532 3524 vitam
560 3472 652 3540 eligit,
673 3489 751 3540 quam
768 3488 785 3523 a
800 3474 893 3540 primia
915 3474 992 3525 aunis
1011 3481 1039 3524 et
1057 3486 1142 3538 usquo
1164 3470 1198 3521 ad
1218 3476 1387 3522 senectutem

208 3549 211 3553 '
280 3541 335 3593 dici
355 3544 472 3608 supremi
494 3546 622 3594 exercuit.
1270 3583 1273 3589 ,

198 3619 203 3628 '
351 3613 599 3667 Benclioentissirne
619 3624 706 3666 autern
722 3631 787 3682 prae
801 3618 942 3684 superiore
953 3631 1019 3684 rege
1032 3613 1220 3684 llonomachus
1235 3628 1266 3665 so
1286 3625 1388 3680 gerens

281 3693 309 3738 et
325 3698 417 3736 omues
432 3684 491 3736 lere
508 3686 591 3753 regiis
603 3687 775 3754 dignitatibus
787 3697 813 3740 et
831 3688 908 3740 donis
920 3686 1077 3739 liberalibus
1096 3700 1193 3736 ornans
1208 3684 1300 3736 beavit
1318 3681 1388 3734 sub.

279 3757 374 3808 iectoa.
393 3757 514 3823 protinus
533 3765 620 3808 autem
633 3757 718 3810 nubes
738 3774 772 3810 ex
785 3760 925 3811 occidente
946 3761 1076 3812 excitatur
1090 3757 1207 3810 stridens
1226 3765 1253 3807 ct
1270 3755 1388 3806 exitiosa
1474 3786 1475 3793 ι

281 3835 309 3880 et
331 3828 503 3880 miserrimam
532 3828 558 3880 ei
583 3837 663 3897 atque
686 3831 765 3898 regni
790 3831 974 3898 expulsionem
1002 3831 1135 3882 minitans.
1181 3829 1224 3879 vir
1252 3826 1389 3893 sanguiue

273 3898 400 3967 gaudens
420 3907 447 3950 et
464 3899 585 3964 nobilis,
612 3909 690 3953 antea
717 3910 937 3967 commemoratus
958 3902 1089 3970 Georgius
1113 3901 1156 3953 cui
1178 3898 1316 3952 ldauialres
1334 3912 1388 3946 co.
1474 3958 1475 3963 Ἰ

280 3983 396 4039 gnomen
415 3987 449 4022 en
467 3971 561 4022 ltalico
583 3988 667 4040 regno
693 3965 813 4038 exorsus}
833 3989 891 4025 cum
912 3975 946 4026 ii's
964 3975 1010 4041 qui
1028 3972 1065 4025 ibi
1085 3974 1110 4024 ei
1129 3973 1240 4028 aderant
1256 3967 1389 4037 militibus
1467 4018 1472 4035 ‚

211 4071 243 4118 ,⁸
279 4041 406 4096 Romanis
432 4051 459 4094 et
483 4042 595 4096 Albanis
623 4043 792 4112 negligentia
820 4047 893 4113 regis
920 4045 1039 4096 olicnsus
1064 4052 1093 4096 et
1109 4045 1214 4110 priores
1231 4041 1389 4092 inimicitias
1474 4052 1475 4089 ι

280 4115 339 4166 eius
360 4121 497 4178 metuens,
522 4121 548 4165 el
572 4113 692 4182 reliquos
714 4118 912 4168 occurrentium
929 4117 1062 4168 exercitus
1084 4116 1202 4168 turbavit
1221 4121 1249 4164 et
1266 4112 1389 4175 devicit3
1474 4102 1475 4121 ¹

280 4193 342 4240 auto
361 4185 576 4242 Thessalonicam
602 4194 690 4242 auteur
709 4188 776 4241 duos
801 4188 858 4241 dies
883 4204 943 4241 cum
970 4196 1056 4242 castra
1079 4188 1225 4255 posuisset,
1243 4186 1316 4238 eirca
1334 4199 1389 4236 ve-
