2967 4825
262 227 335 303 iffi
557 227 774 301 lleHdllldS
805 224 1088 299 imittuntu-
1155 234 1157 237 ’

267 426 324 478 τας
346 401 401 468 καί
419 400 497 480 τούς
517 400 647 479 λοιπούς
670 400 869 483 τούέθνους,
888 395 988 467 ὅτιτὸ
1012 399 1074 465 α’πύ
1099 398 1190 465 τοῦδε
1204 396 1368 476 πολεμίοις
1472 372 1473 403 ³

229 499 232 506 ’
265 498 396 579 ένικὸτις
415 506 676 588 σονέιατρνῖλουσι
694 504 817 581 τούτοις
838 505 892 569 καί
905 502 1212 585 συνθιαμωνίζεσθαι
1227 500 1367 579 μέλλου-

250 625 328 669 σιν.
371 603 502 683 ἐξιόντες
536 607 571 669 ιλέ
593 630 674 681 τινες
705 608 769 670 τοῖν
798 588 901 685 πεζῶν
930 600 1010 686 μεταλ
1034 600 1130 681 τόξων
1147 597 1283 673 πολλούς
1302 600 1367 662 τῶν

269 700 419 789 Τούρκων
441 708 565 773 ύνεῖλαν
594 707 648 771 καί
676 711 732 790 τῆς
755 709 956 791 παρεμβολῆς
993 706 1139 787 ἐκστῆναι
1165 702 1366 766 συνέπεισαν.

265 804 339 870 ὅδὲ
359 805 512 888 βασιλεύς
547 802 642 892 ἤθελε
667 812 726 891 μέν
756 808 931 895 α’γχεμέχῳ
968 810 1092 894 πολέμῳ
1123 800 1177 867 καί
1208 800 1393 887 ύντιθέτριό

265 907 450 994 παρεμβολῇ
482 917 587 993 κρῖναι
615 908 650 975 τύ
676 912 765 984 τέλος
796 912 975 991 παραυτίκα
1004 908 1062 989 τῆς
1082 905 1212 989 μάχης,
1238 898 1313 977 τούς
1337 902 1368 963 d'
1473 964 1474 993 ,

266 1005 405 1083 ύπόκτας
436 1009 481 1084 εἰς
514 1011 550 1075 τὸ
574 1011 682 1076 Χλίατ
706 1013 883 1095 περιμένων
903 1003 1113 1093 στρατιώτας,
1134 1008 1255 1088 πλῆθος
1277 996 1369 1077 ὄντας
1471 1000 1474 1063 l

184 1161 189 1172 ,
266 1110 326 1173 oriar
345 1109 559 1196 εὐαρίθμητον
579 1113 634 1177 καί
647 1112 796 1196 συνήθως
822 1110 875 1175 olei
894 1110 1170 1193 προπολεμοῦντας
1193 1105 1247 1169 καί
1267 1104 1369 1189 ἠσκη-

153 1252 160 1268 κ
267 1213 381 1293 μένους
407 1214 528 1293 μᾶλλον
565 1209 620 1297 τήν
648 1216 835 1297 πυρρίχαον
870 1205 1025 1294 ὄρχησιν,
1053 1206 1105 1275 τὸν
1126 1209 1232 1291 ardea
1254 1209 1370 1270 τούτου

268 1310 484 1396 interutras.
529 1309 572 1389 ύς
601 1316 632 1378 δ’
653 1313 838 1398 οίπεμνούκει·
857 1310 914 1395 τὴν
935 1315 969 1375 έκ
991 1310 1110 1376 τούτων
1129 1308 1291 1393 βοήθειαν,
1314 1308 1415 1370 natio

268 1432 299 1479 τι
322 1415 522 1481 διακωλῦσαι
544 1412 673 1491 τούτους
702 1414 783 1499 πρὸς
804 1415 859 1499 τὴν
882 1406 992 1500 ἄφιξιν
1013 1408 1156 1496 ίσχυρόν
1178 1406 1370 1492 ὑπελάμβα-

232 1581 234 1585 ,
268 1516 638 1599 argentomacum
668 1517 713 1591 εἰς
742 1515 799 1599 τὴν
821 1517 992 1599 ὑστεραίαν
1016 1513 1096 1594 μετὰ
1128 1512 1191 1575 τῶν
1211 1511 1372 1575 συνόντων

270 1614 360 1702 αύτῷ
382 1619 557 1700 προθύμως
585 1614 663 1682 acroi
686 1619 749 1683 τῶν
772 1621 920 1683 ἐναντίων
940 1616 1209 1699 έπαμωνίσασθαν.
1253 1604 1320 1693 εἶχε
1343 1612 1372 1675 δ’

192 1793 195 1802 ¹
270 1708 357 1795 ὅμως
380 1719 492 1783 τοῦτον
521 1721 576 1782 καί
595 1711 823 1801 αύθιςπέλπίς,
849 1718 893 1794 ὥς
924 1716 1000 1783 otta
1031 1710 1089 1779 ude
1111 1716 1156 1793 εἰς
1175 1711 1234 1799 τὴν
1255 1706 1372 1795 αὔριον

269 1813 503 1901 ύσττρήσωσιν·
557 1813 662 1904 ἧμνύει
697 1805 758 1904 γἰλρ
786 1820 828 1895 ὦς
866 1819 882 1882 d
909 1815 1085 1903 στρατηγὸς
1116 1817 1234 1881 τούτων
1254 1812 1418 1895 patricio

269 1914 326 2001 τήν
348 1920 406 1983 τού
428 1919 600 1988 couterino
623 1930 692 1987 κατ’
714 1916 817 1986 αύτοῦ
837 1919 894 1986 τού
913 1920 1072 2001 βασιλέως
1092 1918 1267 2000 έπέλευσιν,
1290 1906 1374 1997 ιῖρας

182 2071 188 2081 -
270 2016 347 2093 '⁰¹36
374 2021 455 2106 ἀμφ’
486 2020 585 2087 αύτόν
618 2016 792 2104 ἅπαντας,
812 2020 865 2086 διὰ
900 2024 955 2104 τῆς
986 2022 1239 2098 Μεσοποταμίας
1268 2014 1375 2101 φυγαῖς
1474 2060 1475 2063 ¹

201 2204 205 2211 Ι
270 2122 407 2203 α’μιννοός
428 2123 473 2198 εἰς
494 2118 553 2206 τήν
570 2122 737 2206 Ῥωμαίων
761 2126 903 2206 ἐνέβαλε,
926 2124 1047 2205 μηδένα
1070 2115 1161 2202 λόγον
1179 2121 1236 2183 τού
1255 2114 1377 2183 δεσπό-

276 2248 333 2290 του
352 2222 429 2309 μήτε
451 2224 515 2309 μὴν
536 2226 593 2291 τοῦ
613 2226 730 2301 εἰκότος
752 2225 768 2290 ὁ
787 2230 923 2302 δείλαιος
947 2229 1090 2306 θέμενος.

138 2334 161 2391 i.
178 2331 266 2390 tota.
371 2325 407 2392 ‘O
423 2330 499 2409 γοῦν
522 2324 674 2409 βασιλεύς
697 2326 776 2392 κατὰ
803 2324 837 2392 τύ
864 2329 1067 2411 συγκείμενον
1088 2320 1146 2406 τήν
1167 2323 1212 2397 εἰς
1232 2319 1288 2385 τὸκ
1306 2319 1432 2389 πό-λθ

272 2435 368 2511 lepor
393 2425 597 2513 παρασκευήν
612 2420 725 2514 αύριον
747 2427 923 2512 ἐξαρτύσας
946 2425 985 2494 τύ
1007 2429 1074 2492 κατ’
1088 2421 1186 2490 αύτόν
1211 2425 1375 2506 διετίθετο,

270 2527 319 2597 ἔτι
339 2531 393 2615 τῆς
414 2534 571 2612 βασιλέως
592 2530 707 2613 σκηνῆς
741 2529 827 2604 ε’ντὸς
859 2526 1109 2608 καθιστάμενος,
1135 2521 1228 2588 ὁπότε
1249 2520 1374 2607 τὴνέἰς

270 2630 345 2708 τούς
356 2632 485 2707 Σκύθας
506 2631 650 2714 ύποιμίαν
665 2634 872 2717 περιαιρῆσαι
887 2628 1076 2714 βουλόμενος
1092 2625 1188 2703 αύτός
1203 2623 1265 2710 ἐμοὶ
1287 2618 1374 2712 ύρκρι

345 2826 387 2881 12.
406 2830 465 2886 teir
483 2842 526 2880 om
545 2826 574 2882 0.

272 2998 349 3044 toros
366 3005 472 3061 unaque
491 3007 551 3044 cnm
568 2994 603 3046 iis
616 3001 780 3063 pugnaturos
799 2994 1008 3061 suspicarentur.
1046 2991 1163 3060 peditum
1181 3004 1247 3042 rero
1266 2988 1375 3058 quidam

273 3064 368 3115 castris
388 3066 490 3131 egressi
509 3066 622 3118 arcubus
641 3065 739 3117 multos
758 3065 899 3117 lurcarum
918 3066 1108 3128 interemerunt
1133 3071 1159 3114 et
1178 3078 1193 3113 a
1212 3063 1306 3114 castris
1324 3075 1373 3112 re-

273 3136 371 3188 cedere
390 3145 546 3205 coegernnt.
583 3154 633 3189 rex
650 3146 738 3189 autem
754 3139 872 3189 cominus
893 3145 919 3187 et
936 3137 1064 3188 instructa
1081 3135 1140 3186 acie
1159 3134 1301 3186 discrimen
1321 3134 1374 3184 iarn

272 3208 405 3260 adducere
423 3208 511 3260 voluit
535 3225 651 3278 pugnae.
697 3226 776 3277 quum
804 3217 892 3260 autem
909 3208 1024 3271 milites,
1048 3209 1093 3276 qui
1119 3205 1218 3270 Ghliati
1236 3205 1374 3268 abessent,

273 3288 459 3346 exspectaret,
484 3277 637 3334 immensam
671 3280 867 3332 multitudinem
903 3287 929 3330 et
959 3281 1004 3346 qui
1030 3279 1099 3331 inter
1128 3279 1227 3344 primos
1252 3291 1375 3344 pugnare

273 3352 495 3417 consuevissent,
525 3354 559 3406 ad
583 3351 709 3405 bellicam
727 3351 895 3404 saltationem
919 3351 1003 3418 magis
1023 3351 1185 3414 exercitati,
1211 3364 1329 3418 pugnam
1347 3349 1376 3398 in

272 3431 408 3490 posterum
436 3423 557 3476 distulit:
586 3424 731 3491 desperans
762 3432 850 3476 autem
874 3437 920 3474 eos
949 3422 1126 3475 subventuros
1155 3437 1214 3473 csse
1241 3425 1270 3472 et'
1289 3435 1376 3489 grave

272 3495 374 3563 aliquid
392 3497 534 3563 quominus
552 3495 681 3548 auxilium
700 3496 802 3546 ferrent
821 3511 867 3546 eos
895 3495 1024 3561 impedire
1049 3495 1206 3560 suspicans,
1238 3493 1289 3544 iam
1319 3493 1376 3546 suis

273 3582 332 3618 oum
352 3568 437 3634 copiis
456 3574 565 3633 postero
593 3567 638 3618 die
666 3566 758 3618 hostes
785 3575 894 3619 strenue
919 3567 1029 3634 aggredi
1053 3566 1152 3618 statuit.
1201 3563 1377 3616 nihilominus

272 3638 368 3689 iterum
388 3639 467 3690 etiam
486 3638 615 3704 sperarit,
636 3652 692 3701 eos,
713 3637 779 3689 licet
796 3647 905 3704 postero
926 3638 969 3690 die
989 3639 1122 3702 venirent,
1142 3636 1211 3688 haud
1236 3636 1377 3688 defuturos
1465 3699 1469 3708 ,

241 3729 244 3738 ·
274 3723 351 3758 esse:
373 3708 514 3774 ignorabat
532 3709 611 3772 enim,
630 3709 724 3761 ducem
745 3723 844 3774 eorum,
863 3726 942 3778 quum
968 3709 1099 3762 sultanum
1117 3709 1144 3759 in
1168 3709 1253 3775 ipsum
1283 3723 1378 3776 regem

218 3794 221 3801 ·
273 3776 423 3845 prolectam
443 3795 503 3832 esse
522 3782 706 3847 comperisset,
728 3781 851 3834 omnibns
871 3782 917 3850 qui
935 3781 1021 3848 ipsum
1041 3789 1227 3848 sequerentur,
1237 3794 1378 3832 convoca.

273 3850 319 3914 tis,
338 3866 388 3917 per
405 3851 622 3919 Mesopotamiam
640 3853 668 3903 in
688 3851 850 3904 Graecorum
870 3861 967 3904 terram
986 3853 1100 3919 turpiter
1119 3852 1276 3919 aufugisse,
1300 3851 1380 3903 nulla

273 3918 372 3973 domini
391 3938 422 3974 ac
441 3939 476 3976 ne
495 3923 586 3976 decori
604 3924 711 3992 quidem
728 3923 820 3975 habita
839 3925 953 3988 ratione,
973 3924 1149 3976 miserrimum
1171 3921 1257 3975 illurn.

270 4006 276 4016 '
371 4012 459 4081 Atque
478 4027 527 4064 rex
545 4013 651 4081 quidem
670 4002 815 4064 secundum
834 4027 922 4064 rerum
942 4020 1038 4064 statum
1064 4018 1191 4080 apparatu
1221 4011 1324 4066 bellico
1349 4013 1379 4064 in

273 4090 408 4150 posterum
427 4084 496 4135 diem
515 4084 645 4137 instructo
667 4099 710 4136 res
729 4099 791 4138 suas
821 4084 964 4148 ordinavit,
990 4084 1076 4137 adhuc
1103 4085 1130 4135 in
1156 4085 1233 4152 regio
1257 4084 1379 4136 tentorio

218 4226 221 4229 ι
273 4153 425 4221 considens,
444 4156 549 4223 quando
568 4171 630 4224 ego,
648 4171 708 4210 cum
727 4155 827 4210 uellem
847 4155 1027 4223 suspicionem
1044 4156 1073 4208 in
1092 4154 1205 4222 Scythas
1224 4154 1299 4208 illam
1318 4155 1379 4210 tol.
