2967 4825
580 258 790 327 mmoan.
1083 362 1086 369 Ι
1178 256 1254 331 α·

119 446 176 512 ρος
193 425 292 509 τύχην
313 425 348 489 έκ
373 426 498 487 πολλῶν
517 420 614 487 έλκωτ
632 424 769 505 χρόνων,
790 415 859 488 εἶτα
882 423 919 510 τῇ
939 421 1150 511 ἀνακτοριλτση
1170 422 1230 486 δέ·

120 548 170 592 σει
191 524 395 611 χρηματίσας
419 522 513 605 υἱός,
540 526 596 589 καί
621 518 725 605 ὅρκοις
744 526 1033 609 φρικωδεστάτως,
1059 525 1099 587 ου’
1117 526 1257 611 μέλανι,

121 614 192 692 ἀλλ’Ι
210 618 342 709 ἀἵματι
365 626 514 715 ἀχράντιρ
540 628 598 689 τοῦ
619 620 834 706 bsai-‘luciaco
867 622 962 707 λόγου
984 630 1039 691 καί
1061 627 1151 709 χειρί
1172 626 1230 689 τοῦ

120 730 267 810 μείζονος
296 732 332 793 ἐν.
350 736 508 813 γεννητοῖς
542 727 700 811 γυναικοῖν
726 727 904 807 βαπτιστοῦ
931 729 1230 811 ἀνσεσημασμένοις,
1302 724 1305 732 ’

94 826 302 895 δάνόθεοτον
324 828 380 913 τὴν
400 826 477 911 πρὸς
499 828 601 913 αδτην
629 821 713 917 τάχα
735 825 998 911 βεβαιωσάμενος
1019 832 1134 893 πίστιν.
1177 823 1234 891 καί

123 924 163 1015 ἦν
184 928 201 996 ὃ
224 928 302 1015 ἀνὴρ
334 932 388 995 έτιί
416 931 475 1010 μὲν
498 934 554 1015 τῆς
587 934 743 1016 προτέρας
771 932 927 1014 διαγωγῆς
953 926 1154 1009 κακιζόμενος
1179 929 1234 993 καί

120 1041 203 1107 aare·
217 1031 388 1107 έπαινετῶς
416 1034 670 1111 πολιτευομένοις
697 1027 742 1115 μη
771 1026 1025 1113 συναπτόμενος,
1048 1031 1102 1094 sut
1126 1031 1160 1095 δὲ
1178 1032 1232 1113 τῆς

120 1136 293 1215 βασιλικῆς
314 1130 503 1214 ἀναβάσεως
524 1130 579 1195 καί
593 1137 663 1195 λιάν
686 1126 961 1215 έγκωμιαζίμενός
983 1154 1017 1195 τε
1038 1130 1093 1196 καί
1112 1154 1229 1212 σεμνυ.

120 1234 265 1313 κάμενσς,
287 1225 337 1297 οἷα
358 1231 532 1320 φιλοτίμως
552 1224 625 1316 ἀρει
640 1235 762 1315 πρῶτον
776 1234 855 1316 ὑπὲρ
878 1230 951 1309 toric
974 1231 1035 1315 πρὸ
1058 1234 1157 1297 ositeri
1176 1238 1234 1312 βε·
1326 1241 1329 1249 '

73 1331 353 1418 Ῑθβασιλευκὸτας
387 1338 425 1420 τῇ
458 1334 616 1423 συγκλήτῳ
650 1336 705 1398 καί
740 1342 804 1407 τοῖς
837 1324 944 1409 ἀλλοις
960 1332 1233 1419 ,προσφερόμενος

122 1429 286 1519 ὑπηκόοις,
298 1438 353 1499 καί
363 1443 471 1517 τιμαῖς
484 1438 702 1517 περιβλέπτοις
715 1436 772 1497 καί
781 1433 940 1516 ἀξιώμασι
952 1436 1118 1513 πλείστους
1138 1429 1233 1511 ὅσους

122 1540 377 1621 κατογεραίρων,
402 1534 456 1600 καί
475 1535 532 1619 τὴν
552 1534 717 1618 εὐνομίαν,
739 1532 829 1629 εἴπερ
850 1560 897 1612 τις
918 1530 1025 1616 ἀλλος,
1046 1531 1235 1614 σπουδάζων

122 1637 363 1721 ἀνεγερθῆναι,
385 1636 440 1703 καί
465 1641 528 1702 τοῖν
554 1638 771 1720 ἀδικουμένων
793 1635 957 1723 ἒκδικητης
981 1632 1234 1721 ἀναφαινόμενος

123 1734 362 1823 ἀπαραίτητος,
384 1738 438 1805 καί
458 1735 661 1822 δικαιοσύνην
675 1739 738 1803 τοῖν
758 1731 862 1804 ἄλλων
878 1735 1027 1803 ἀπάντων
1050 1731 1235 1822 ὑπεραίρων

73 1851 112 1907 15
123 1834 184 1903 καί
201 1838 449 1924 προτιμωμενος.
509 1838 639 1924 ἐξήγαγε
670 1840 731 1923 γὰρ
765 1843 821 1903 καί
841 1841 897 1924 τῆς
923 1838 1057 1922 χρονίας
1086 1840 1234 1925 φρουροῖς

123 1938 183 2004 τάν
204 1963 238 2005 τε
271 1936 509 2008 Κωνσταντῖνον
543 1944 659 2007 ἐκεῖνον
686 1939 740 2005 τὸν
772 1938 983 2023 Δαλασσηνδν
998 1986 1012 2020 ,
1030 1938 1072 2015 ἀς
1094 1933 1233 2005 ἀποπτεν

125 2043 273 2127 περὶτῆς
293 2047 459 2124 βασιλείας
491 2046 524 2107 έν
546 2042 655 2133 πύργῳ
675 2042 924 2108 ἀποκλεισθέντα
954 2042 1043 2126 παρὰ
1063 2044 1120 2107 τοῦ
1141 2039 1263 2117 δείους,
1284 2062 1335 2121 169
1352 2078 1375 2117 ς,

128 2144 248 2235 ariaci,
279 2142 335 2209 καί
362 2144 418 2210 τὸν
442 2148 608 2229 πατρίκιον
635 2146 752 2209 ἐκεῖνον
782 2146 813 2208 Γ
811 2140 943 2228 εωργιον
970 2139 1027 2208 τὸν
1049 2140 1233 2226 Μανιάκηκ,

127 2235 164 2307 δν
185 2247 241 2307 καί
260 2249 304 2332 roi
323 2248 387 2311 tois
406 2251 588 2330 μαγίσιρων
616 2245 789 2330 Ιτετιμηνιοός
812 2246 968 2324 ἀξιώματι
997 2247 1053 2310 καί
1070 2241 1236 2335 κατεπάνω

71 2344 261 2421 2οἿταλίας
283 2352 534 2434 προεχειρίσατο.
558 2346 633 2426 τούς
654 2350 689 2413 δὲ
709 2353 868 2430 συγγενεῖς
891 2345 1002 2429 ου’τοῦ,
1024 2342 1161 2421 πολλοὺς
1178 2350 1239 2427 μέν

126 2451 186 2511 καί
205 2451 374 2527 πλουσίους
390 2448 560 2540 φορτικοὺς
578 2453 612 2516 δὲ
630 2452 802 2524 δοκοῦντας
824 2449 865 2534 τῷ
884 2445 977 2532 βάρει
993 2448 1056 2511 τάν
1077 2444 1236 2531 πράξεων,

127 2542 234 2633 ἄρδην
258 2552 292 2614 ἑκ
313 2552 414 2631 μέσον
447 2556 608 2636 πεποίηκε,
631 2549 686 2616 τδν
715 2553 774 2633 μὲν
796 2546 969 2635 ε’ξάρχοντο
992 2547 1112 2614 τούτων
1128 2545 1238 2616 'lociv-

127 2671 188 2733 νην
208 2651 351 2734 μοναχὸν
370 2654 425 2717 καί
448 2651 701 2742 ἀρφανοτρόφον,
724 2649 761 2731 ὃς
781 2652 837 2737 τήν
851 2654 914 2717 τοῖν
935 2642 1130 2739 πραγμδιων
1149 2642 1238 2734 ιίχεκ
1311 2711 1327 2724 ,

207 2855 248 2910 12
270 2875 297 2909 τι
316 2853 383 2913 ἀλλο
400 2855 431 2910 ὓ.

129 3044 247 3098 talionis
268 3046 383 3098 bominis
405 3046 509 3112 divini,
538 3056 565 3099 ct
584 3063 663 3101 manu
691 3050 800 3101 maioris
822 3049 892 3101 inter
920 3049 1027 3119 genitos
1046 3063 1062 3099 a
1079 3046 1237 3099 mulieribus

129 3117 265 3184 baptistae
297 3119 410 3187 signatis
439 3119 570 3171 sincemm
598 3121 675 3172 huius
694 3121 844 3188 adoptionis
865 3124 953 3174 statim
971 3121 1129 3173 confirmans
1149 3119 1235 3171 iidem.

130 3197 216 3257 atquc
235 3199 291 3241 erat
309 3189 387 3241 homo
413 3199 521 3257 propter
549 3191 666 3258 priorem
694 3193 872 3245 conditionem
890 3193 1012 3257 infamis,
1034 3206 1124 3261 neque
1142 3191 1237 3243 lauda.

129 3260 226 3314 bilitcr
244 3262 483 3314 administraturum
502 3269 591 3315 r‘erum
619 3263 753 3331 particeps
772 3272 836 3316 erat.
883 3266 910 3315 in
929 3265 1034 3332 imperii
1052 3271 1140 3315 autern
1160 3261 1237 3314 initio

131 3333 215 3384 etiarn
233 3333 312 3384 valde
331 3333 487 3386 laudabatur
509 3343 535 3386 et
545 3334 738 3399 celebrabatur,
758 3343 786 3386 ut
799 3350 932 3404 generose
948 3351 1034 3403 nuper
1047 3336 1158 3402 primum
1171 3348 1237 3402 prae

131 3403 268 3471 prioribus
289 3405 398 3472 regibus
417 3408 521 3458 senatui
543 3414 570 3457 et
588 3407 685 3458 ceteris
710 3425 740 3460 se
763 3408 879 3460 oiierens
909 3407 1047 3471 subiectis,
1078 3413 1105 3457 et
1122 3405 1236 3457 honeri-

129 3476 184 3527 bus
202 3475 350 3529 illustribus
372 3486 398 3528 et
410 3478 582 3547 dignitatibus
602 3479 820 3547 quamplurimos
840 3493 956 3542 omens,
967 3487 993 3529 ct
1009 3477 1157 3546 legitimum
1170 3472 1235 3528 sta.

130 3556 189 3599 tum
210 3549 232 3598 si
254 3549 314 3614 quis
339 3547 408 3600 alius
428 3551 536 3602 studens
556 3552 704 3604 suscitare:
732 3559 759 3602 et
780 3567 867 3603 rerum
894 3551 1050 3602 iniustorum
1069 3549 1140 3601 ultor
1161 3549 1236 3601 visus

129 3618 319 3682 inexorabilis,
340 3627 366 3670 et
386 3623 512 3673 iustitiam
532 3637 597 3688 prae
617 3623 738 3674 omnibus
766 3623 828 3674 aliis
849 3623 963 3675 efferens
983 3630 1010 3673 et
1028 3621 1129 3674 colens.
1168 3621 1236 3674 cdu.

130 3689 175 3740 xit
193 3691 262 3741 euim
283 3691 361 3740 etiam
381 3709 414 3744 cn
432 3693 581 3763 longinquo
598 3711 707 3746 carcerc
727 3695 927 3748 Constantinum
946 3692 1022 3744 illum
1041 3692 1236 3755 Dallasscnum,

130 3762 179 3829 qui
199 3768 338 3826 suspectus
362 3766 439 3832 regni
458 3765 599 3816 allectandi
618 3767 645 3818 in
667 3767 732 3818 turri
751 3766 870 3818 inclusus
890 3773 947 3817 erat
965 3765 998 3816 ab
1015 3763 1150 3816 avunculo
1169 3765 1237 3826 elus,

130 3839 162 3883 et
178 3832 316 3898 patricium
336 3833 412 3886 illum
434 3837 577 3906 Georgium
596 3838 752 3903 lilanlacen,
785 3853 862 3906 quem
887 3839 964 3889 etiam
982 3837 1165 3905 magistrorum
1185 3834 1237 3886 bo.

129 3904 240 3955 noravit
262 3905 390 3972 dignitate
411 3917 444 3958 -et
463 3910 610 3975 superioris
631 3909 731 3960 ltaliae
750 3910 914 3976 praelectam
940 3909 1086 3960 constitnit.
1124 3907 1238 3974 propin-

130 3987 200 4043 quos
219 3983 306 4026 auteur
327 3992 399 4050 suos,
420 3983 464 4047 qui
483 3981 558 4032 multi
583 3983 688 4049 quidem
714 3990 741 4032 et
766 3982 865 4032 divites
885 3988 977 4044 erant,
1009 3978 1121 4031 violenti
1150 3987 1237 4029 tamen

130 4045 291 4098 videbantur
309 4052 449 4102 atrocitate
469 4051 598 4104 laetorum
618 4067 726 4120 prorsus
756 4053 876 4104 emedio
902 4052 1027 4114 sustulit,
1058 4066 1117 4101 cum
1142 4052 1237 4102 duccm

131 4118 226 4169 borum
244 4117 369 4172 loannem
397 4123 554 4176 monachum
580 4132 605 4176 et
630 4125 754 4176 orborum
775 4124 945 4192 praesidem,
983 4124 1011 4174 ui
1036 4137 1124 4174 rernm
1142 4128 1172 4173 ut
1189 4135 1237 4172 rex

132 4188 270 4252 obtinebat
287 4193 555 4262 administrationem,
583 4198 610 4248 in
630 4203 767 4248 aeternum
794 4196 905 4247 eliceret
924 4139 1044 4261 exilium,
1064 4202 1169 4249 ceteros
1185 4193 1236 4244 ‘ri-
