2967 4825
557 294 767 404 nummu
907 250 912 264 ’
1196 293 1219 367 s

121 475 183 519 τειν
203 448 227 517 δ
245 456 310 539 χρὴ
332 452 387 521 καί
408 458 506 522 πιῖσιν
526 456 744 523 ἐπιδεικνύειν
765 457 907 539 ἐψευδές
920 457 1081 543 σύμβολον
1099 460 1139 525 ταὶ
1159 464 1223 529 τεέν

122 554 309 636 νυκτερινεδν
320 578 378 621 σου
399 554 501 639 λόγων
521 555 769 640 σπουδάσματα,
787 561 848 629 ,κατ’
866 559 910 634 εἷς
932 557 989 636 τας
1001 561 1132 643 βίβλους
1145 562 1223 647 ἄλη·

121 656 186 729 θός
207 660 367 739 περιέαεις
397 659 453 723 καί
485 655 603 725 τούτων
624 660 783 741 ἐπιμελεῖς
816 660 935 750 ἀκροᾷ,
954 663 1092 743 μείζονα
1113 661 1224 727 λοιπδν

122 752 196 836 ἡμῖν
217 751 273 819 τδν
302 758 408 839 α’γιόνα
437 761 493 823 καί
523 757 733 845 ἀκμαιότερον
761 763 926 842 τέθεικας,
948 753 1029 828 ὥστε
1051 765 1225 847 προφέρειν

96 872 149 926 5τι
172 859 237 922 των
258 861 323 923 οων
344 863 478 925 τουτωνί
499 861 632 944 λογικῶν
652 859 910 943 σπουδασμαὶτων
931 860 1069 939 ἐπάξιον.
1105 861 1166 942 διδ
1183 859 1223 944 δη

121 958 218 1022 ταῦτα
239 962 299 1024 κατ’
315 984 386 1025 τινα
408 960 516 1025 δέλτον
526 960 684 1039 συντάξας
699 965 733 1027 ἐκ
749 968 813 1028 τῶν
834 964 1000 1049 πρυσεχῶς
1021 972 1087 1039 τοῖς
1109 963 1225 1049 ἦμετέ-
1247 989 1252 995 ’

121 1078 188 1143 ροις
207 1056 335 1143 χρόνοις
355 1064 569 1146 γεγενημένων
590 1063 733 1145 πράξεων
755 1062 789 1129 ἐν
803 1088 837 1130 τε
858 1070 1006 1146 πολέμοις
1029 1067 1083 1129 καί
1101 1064 1225 1149 μάχαις

121 1159 172 1223 καί
196 1162 298 1235 νίκαις
317 1158 372 1226 καί
385 1155 493 1245 ἥτταις
515 1161 571 1227 καί
590 1172 771 1245 πολεμικοῖς
792 1168 1036 1250 κατορθώμασιν
1059 1159 1080 1250 ἢ
1101 1164 1224 1251 ἀτυχή-

120 1283 209 1345 μασι,
234 1264 387 1341 προσθείς
409 1263 445 1327 δέ
467 1264 522 1329 καί
541 1261 599 1339 τὰς
621 1265 726 1342 αίτίας
748 1263 879 1332 κατὰτὸ
902 1265 1038 1333 δυνατὸν
1058 1271 1120 1332 τῶν
1138 1264 1223 1333 οδτω
1288 1289 1291 1295 ’

82 1382 113 1435 10
122 1363 357 1443 τετελεσμένων,
380 1356 447 1429 εἶτα
473 1370 666 1448 παρατείνας
686 1364 739 1430 τὸν
761 1362 891 1453 λόγονῆ
912 1371 967 1432 καί
985 1366 1160 1453 ἐξαρτύσας
1180 1367 1225 1444 cic

121 1460 321 1546 ἐνηδίσμασί
345 1487 408 1529 τισι
440 1474 506 1541 τοῖς
540 1466 817 1550 παρεμπίπτουσα
848 1468 1041 1553 ἐπροόνιτσις
1072 1472 1225 1553 σημείοις,

122 1562 232 1647 ἐρετάς
254 1586 287 1629 τε
317 1562 373 1629 κατ’
394 1570 505 1643 κακίας
534 1571 597 1634 ταῖν
627 1566 793 1651 εἰρξάντων
818 1568 874 1635 καί
904 1568 1096 1655 ἡγεμονικῶς
1118 1568 1226 1653 διναρ-

121 1662 240 1743 §dores
259 1662 755 1753 ἐναταξοξμενος,’συνεπιπλέξας
777 1673 812 1737 δέ
832 1676 888 1736 καί
907 1671 1045 1757 φυσικάς
1066 1695 1153 1747 τινας
1171 1694 1224 1736 τε.

120 1767 286 1848 χνολογίας
303 1765 359 1832 καί
379 1767 469 1849 ζώων
491 1770 579 1845 ι’δέας
600 1769 820 1855 ἀναφανείσας
839 1780 903 1850 τοῖς
920 1771 992 1837 τότε
1013 1780 1147 1857 καιροῖς,
1170 1774 1226 1838 καί

84 1889 113 1941 15
123 1864 230 1943 ἁπλοῦς
256 1869 406 1956 ποικίλην
422 1870 492 1936 τινὰ
514 1873 624 1952 βίβλον
645 1865 752 1957 ὥσπερ
773 1876 912 1955 λειμῶνα
924 1882 989 1949 τοῖς
1008 1864 1121 1939 ἄνθεσι
1142 1870 1253 1958 dipel-f.
1276 1885 1327 1940 168
1338 1898 1364 1941 r.

121 1990 220 2033 ουσαν
245 1969 500 2054 α’ποτερματίσας
522 1975 576 2037 ἐπί
596 1973 741 2058 ἐξηγήσει
765 1974 883 2040 τούτων
904 1971 1049 2041 ἐπόντων
1072 1979 1143 2059 (καί
1160 1974 1224 2060 γὰρ

113 2071 151 2135 ,εέ
177 2071 234 2135 καί
263 2072 340 2157 περί
368 2074 430 2138 τοῖν
459 2072 536 2158 ἡμῖν
570 2078 775 2158 ἐγνωσμένων
797 2079 992 2162 φθέγγεται,
1022 2078 1090 2140 αλλ’
1121 2073 1227 2163 ἧταῖν

121 2179 337 2261 καινοπρίπων
354 2174 450 2257 χύσις
465 2175 511 2240 ον’
531 2172 683 2258 βοδλειαν
703 2180 806 2242 ταῦτα
821 2180 896 2266 σιγῇ
916 2182 1088 2261 παρελθεῖν
1109 2182 1165 2244 καί
1182 2180 1228 2254 είς

121 2274 222 2362 λήθην
244 2274 364 2341 τούτων
382 2277 456 2357 τούς
477 2272 668 2359 ἀνθρώπους
691 2279 823 2363 ἐλθεῖν),
846 2276 964 2363 ταύτην
978 2273 1085 2365 ὅσπερ
1102 2306 1132 2344 τι
1148 2285 1227 2343 καλ-

81 2381 258 2464 οολιέρημα
281 2376 336 2443 καί
356 2379 495 2461 δεξίωμα
513 2376 662 2445 δουλικὸν
685 2382 726 2468 τῇ
749 2383 791 2468 σῇ
813 2379 1040 2470 φιλανθρωπία
1057 2379 1113 2446 καί
1131 2386 1225 2464 φιλα-

121 2481 243 2570 χρίστιρ
271 2484 395 2570 σπουδῇ
424 2483 575 2569 α’ναφέρω
611 2483 665 2546 κατ’
696 2481 894 2568 α’νατίθημι,
926 2479 968 2556 ric
999 2477 1039 2546 ἐν
1078 2483 1118 2570 τῇ
1145 2480 1227 2566 ταδ-

122 2607 184 2668 της·
211 2584 314 2667 κρίσει
346 2588 400 2648 καί
433 2575 635 2672 μεγαλοφυεῑ
666 2581 835 2667 διαγνώσει
877 2585 1011 2669 διατεθῇ
1047 2581 1085 2648 τιέ
1121 2585 1226 2658 καλιδς

196 2729 225 2814 1.Ι
242 2761 405 2836 σύμβουλον
424 2762 453 2818 G.
521 2791 526 2800 ·
590 2764 634 2819 20.
656 2778 750 2833 margo
768 2764 916 2839 ἐνιίθημα.
955 2749 959 2757 ’

123 2937 245 2990 omnibus
263 2937 416 3007 siguificare
440 2938 545 2990 sincere
566 2944 596 2989 ut
613 2938 718 3006 signum
745 2945 934 2990 nocturnarum
956 2945 1060 2990 tuarum
1077 2937 1227 2990 orationum
1281 2990 1289 3005 x

123 3010 332 3074 lucubrationes,
353 3017 434 3078 atque
452 3009 584 3079 quomodo
603 3008 697 3062 literas
715 3024 782 3062 vere
800 3009 875 3061 colas
895 3008 998 3078 basque
1018 3008 1165 3078 diligenter
1182 3008 1227 3062 le-

123 3099 179 3151 gas,
198 3083 283 3134 maius
302 3082 354 3132 iam
377 3080 455 3133 nobis
480 3090 615 3134 certamen
642 3089 668 3131 et
694 3081 812 3133 vividius
838 3079 993 3145 reddidisti,
1015 3089 1043 3132 ut
1062 3080 1227 3146 proferamus

124 3155 193 3224 quod
213 3154 265 3205 tuis
289 3152 365 3205 bisce
389 3153 513 3205 oratoriis
540 3152 769 3204 lucubrationibus
789 3152 896 3220 dignum
920 3152 963 3204 sit.
1011 3159 1155 3220 propterea
1171 3153 1227 3220 igi.

124 3235 165 3279 tur
186 3227 265 3277 etiam
285 3239 344 3276 cum
363 3224 458 3276 librum
486 3225 616 3293 quendam
644 3225 848 3291 conscripserim
873 3239 962 3276 rerum
982 3225 1103 3290 proxime
1128 3224 1227 3276 nostris

88 3291 91 3296 “
124 3296 288 3363 temporibus
318 3304 452 3364 gestarum
477 3295 605 3348 inbellis
631 3303 658 3346 et
671 3295 794 3362 proeliis
820 3304 848 3349 et
866 3295 1000 3347 victoriis.
1014 3303 1042 3346 et
1061 3294 1181 3346 cladibus
1200 3301 1228 3344 et

124 3369 189 3421 belli
211 3367 336 3420 salicibus
354 3375 381 3419 et
399 3362 552 3420 infelicibus
573 3367 666 3432 sactis,
687 3376 714 3418 et
742 3366 885 3418 addiderim
904 3367 983 3417 etiam
1003 3381 1120 3430 caussas,
1140 3365 1227 3434 quoad

125 3440 208 3508 potui,
228 3454 328 3502 eorum,
348 3454 415 3507 quae
435 3439 471 3490 ita
490 3446 565 3507 gesta
584 3447 655 3503 sunt,
676 3438 773 3490 deiude
794 3439 958 3490 extenderim
982 3437 1078 3489 librum
1098 3438 1156 3489 sive
1175 3451 1227 3503 po.

125 3513 174 3563 tius
195 3511 340 3563 condierim
359 3519 483 3578 tanquam
512 3510 686 3563 condimentis
717 3509 872 3579 quibusdam
896 3509 1013 3561 fortuitis
1041 3523 1129 3577 neque
1149 3515 1228 3560 antea

125 3582 317 3636 animadversis
343 3582 445 3652 signis,
475 3588 555 3650 atque
579 3584 693 3636 virtutes
713 3591 739 3633 et
758 3582 823 3633 vitia
843 3595 949 3646 eorum,
970 3581 1015 3649 qui
1036 3587 1183 3649 regnarunt
1202 3588 1229 3630 et

126 3656 168 3724 qui
197 3653 366 3721 imperatoris
394 3653 471 3705 modo
501 3655 637 3720 praesides
667 3654 790 3717 luerunt,
815 3653 984 3720 repetierim‚
1009 3653 1057 3706 sed
1083 3651 1228 3704 adiecerim

126 3727 204 3778 etiam
222 3725 358 3776 naturales
378 3725 502 3794 quasdam
521 3725 692 3794 quaestiones
718 3734 746 3777 et
763 3725 916 3778 animalium
936 3725 1044 3789 formas,
1065 3723 1159 3793 quales
1178 3738 1228 3790 ap.

125 3797 264 3866 paruerint
286 3796 342 3849 illis
367 3796 546 3863 temporibus,
566 3805 647 3866 atque
674 3812 728 3849 uuo
747 3797 831 3850 verbo
850 3798 954 3850 varium
973 3797 1103 3865 quendam
1122 3794 1227 3857 librum,

126 3878 249 3936 tanquam
266 3875 368 3934 pratum
388 3866 497 3920 lloribus
516 3869 651 3922 abundans
676 3869 809 3922 finiverim
827 3870 861 3922 ad
881 3868 1027 3921 enarranda
1045 3867 1111 3919 baec
1130 3867 1227 3930 omnia,

127 3941 240 4009 (etenim
259 3941 309 3992 etsi
328 3938 362 3990 do
380 3941 423 4002 iis,
443 3955 511 4008 quae
530 3940 641 3993 anobis
660 3948 868 4009 spectatarum,
887 3942 1004 4003 dicetur,
1023 3945 1112 3990 umen
1132 3939 1228 3990 novis-

21 4063 22 4068 ,
126 4013 247 4064 simarum
275 4025 363 4062 rerum
383 4011 461 4076 copia
479 4026 532 4064 uon
551 4014 616 4064 sinit
634 4013 700 4064 lraec
727 4012 837 4065 silentio
856 4012 996 4080 praeteriri
1015 4018 1042 4061 et
1061 4011 1088 4061 in
1107 4008 1227 4061 oblivio-

127 4098 186 4133 nem
205 4081 297 4134 barum
318 4081 438 4134 homines
465 4083 615 4154 incidere),
643 4084 712 4135 huno
738 4086 821 4151 igitur
848 4084 945 4135 librum
970 4091 1093 4151 tanquam
1124 4095 1227 4133 sacrum

129 4155 243 4206 lanatum
263 4161 290 4204 et
305 4153 406 4211 donum
425 4163 569 4222 acceptum
582 4157 654 4208 servi
675 4159 716 4208 tui
736 4155 893 4207 humanitati
911 4163 973 4206 tuae
993 4161 1020 4205 et
1040 4154 1127 4205 studio
1146 4151 1226 4206 clri-

129 4226 220 4278 stianis
248 4223 408 4279 amicissimo
432 4225 516 4278 ollcro
541 4235 567 4282 et
595 4228 699 4298 depono
726 4235 756 4278 ut
783 4228 863 4281 liuius
892 4225 991 4278 iudicio
1012 4233 1038 4277 et
1056 4223 1226 4278 distinctione

709 4351 731 4388 Q
