2967 4825
168 270 176 290 ’
253 302 338 389 τεο,
561 293 783 374 menimis
813 248 1072 371 aristionis
1156 370 1162 391 l

195 460 197 465 ³
264 474 551 565 ἀποπεμψάμενος,
581 481 637 561 τῆς
659 479 704 553 εἰς
723 473 762 543 τό
788 470 897 593 πρόοφ
927 449 1057 555 πορεέας
1077 460 1294 546 εὐθυμότερον
1315 453 1367 523 εί-

128 574 133 581 ’
262 606 348 667 χετο,
368 579 533 702 διαφόρως
553 574 747 699 α’πρξενοῖν
733 576 849 641 εαυτὸν
868 575 925 639 τοῦ
945 570 1084 655 στρατοῦ
1105 568 1149 641 εἰς
1170 562 1226 639 τός
1248 564 1367 635 οικειάς

264 681 413 758 ἐπαύλεις
432 708 484 747 και
506 678 674 799 κτημάτων
696 677 908 755 ἐπιδείξεις
877 697 999 740 οικειων
1020 696 1072 735 και
1068 666 1367 746 πολυτελεστέρων

264 787 438 867 οἰκοδομῶν
465 776 635 862 διατάξεις.
678 776 966 860 διαπεραιωθέντας
995 767 1051 838 otio
1074 774 1131 837 τοῦ
1155 767 1295 853 στρατοῦ
1316 759 1369 828 τόν

220 941 223 946 .
255 878 359 953 “Atos
381 886 548 969 λεγόμενον
570 878 710 964 ποταμόν
732 879 828 955 αότός
851 902 887 942 ου
877 864 1396 998 ’συνδιεπεραιαόθητηυικαόταό

265 990 362 1077 αὐτῷ,
382 982 502 1052 αλλ’
474 1009 521 1061 εις
543 986 691 1067 νεοπαγὲς
712 979 884 1070 φρούριον,
909 976 942 1044 έκ
964 973 1164 1061 προστάξεως
1185 969 1287 1035 αότοό
1307 990 1371 1031 συ-

266 1091 543 1173 νοικοδομηθέν,’
528 1087 689 1170 επιμεόνας
711 1088 834 1151 ἐκεῖθέν
856 1104 942 1156 τινας
966 1078 1087 1161 ήμέρας
1109 1077 1282 1159 διέτριψεν.
1302 1061 1371 1133 εἶτα

267 1194 515 1275 διαπεραιωθεὶς
544 1214 596 1254 ναι
627 1185 746 1268 αότός,
777 1187 836 1250 νόν
866 1187 903 1271 τή
931 1184 989 1245 rori
1012 1176 1369 1263 Χαρσιανοῦόπαρχιλγ,

215 1327 219 1331 ·
266 1291 326 1376 τήν
346 1294 542 1375 διαι’ρεσιν’
527 1316 561 1355 εκ
580 1292 637 1357 τοῦ
661 1289 801 1374 στρατοῦ
829 1290 874 1362 εἰς
897 1283 1020 1367 κτήσεις
1040 1281 1156 1353 οἶκειάς
1178 1276 1370 1357 συνδιεγρό·

266 1407 373 1474 ψατο·
416 1418 469 1458 και
490 1392 527 1458 τὸ
548 1392 603 1455 εἶπ’
625 1394 747 1454 ἐκείνου
770 1376 994 1469 α’διαέρετος
973 1409 1033 1465 ην,
1056 1406 1091 1467 τη
1080 1380 1304 1460 Καισαρέων
1323 1400 1369 1457 μη
1361 1368 1418 1437 10

267 1494 446 1576 προσμίξας
468 1490 503 1558 τό
528 1489 712 1609 σόνολρν,“
696 1514 756 1563 εως
788 1512 834 1564 εις
856 1484 913 1568 τήν
942 1486 1109 1567 λεγομένην
1134 1474 1250 1561 Κρόαν
1269 1472 1372 1561 πηγήν

268 1595 466 1679 ε’νηυλιᾛσατο
509 1597 577 1660 έστι
598 1616 660 1677 γαρ
684 1590 705 1655 ό
713 1590 819 1666 τόπος
841 1585 970 1660 οὐδενός
992 1608 1053 1649 των
1073 1605 1222 1667 χρήστων
1244 1575 1280 1643 τό
1304 1602 1372 1641 τια-

269 1689 375 1779 ρέπαν
393 1694 654 1816 ἀπολειπόμενος,
678 1689 713 1759 τό
736 1716 772 1758 τε
792 1688 856 1775 [τό]
887 1684 976 1774 όδωρ
998 1676 1159 1761 διειδές·α
1139 1708 1206 1763 αμα
1234 1706 1286 1746 και
1309 1674 1373 1743 πό-

268 1819 361 1879 τιμον
383 1823 436 1863 ιιαι
457 1794 685 1883 ψυχρότατον,
710 1797 825 1879 δένδρα
847 1818 881 1858 τε
914 1789 1080 1909 συνηρεφῆ
1108 1808 1187 1866 μετα
1213 1784 1373 1867 δαψιλοῦς

268 1901 326 1982 τῆς
343 1897 422 1984 πόης
442 1902 595 1985 ἐκτρέφον
614 1924 667 1964 και
662 1897 880 1978 ’ξυλόσασθαι
910 1886 1060 1975 εὔπορος,
1081 1892 1240 1962 παντοίοις
1258 1909 1291 1949 τε
1312 1884 1374 1971 ῥό-
1353 1894 1421 1947 -15

272 1998 340 2075 ‘5⁰tt
362 1996 540 2078 ”artissimos
571 2006 627 2065 κατ’
647 2006 853 2084 κρινωνιαῖς,
875 1994 986 2080 λόφοις
1005 2015 1037 2057 τε
1066 1990 1170 2111 η’ρέμα
1192 1986 1269 2073 πρός
1292 1981 1375 2050 ἑαυ-

271 2098 349 2173 τοός
375 2098 546 2182 όνόγονσιν
567 2092 706 2180 εόθετος,
727 2125 781 2163 και
777 2092 979 2193 οἷονείπειν
1003 2091 1174 2174 α’στυκιόμη
1196 2113 1250 2153 και
1273 2085 1375 2172 α’γρό-

271 2206 364 2276 πθδῑς
395 2200 448 2264 διὰ
471 2204 525 2283 τῆς
549 2205 728 2283 συμμιγοῦς
751 2186 960 2283 ποριμότητος
989 2189 1229 2279 γνωριζόμεςος.
1273 2186 1375 2253 ἐκεῖσε

271 2298 338 2363 δ’
321 2325 337 2365 ⁰
356 2297 509 2382 ῥῦσιδὸὖς
531 2300 651 2385 ἡμέρας
673 2298 763 2376 τινός
782 2294 1146 2395 στρατοπεδευσόμενος,
1167 2318 1209 2367 ως
1235 2285 1300 2356 ειδε
1319 2289 1377 2373 τήν

170 2489 174 2497 .
268 2402 381 2488 χώραν
405 2404 548 2489 ἀφειδῶς
568 2406 832 2486 κατακειρσμένην
854 2404 887 2465 έν
911 2405 971 2468 τῶν
995 2399 1198 2518 στρατιωτῶν
1220 2421 1272 2460 και
1268 2397 1376 2476 “μαλ.
1384 2398 1424 2454 20

273 2507 368 2570 λον’
352 2529 388 2572 εκ
414 2508 471 2568 τοῦ
504 2505 742 2590 μισθοφορικοό
772 2529 823 2568 και
854 2503 1055 2586 οἷλλογενοός,
1083 2491 1189 2564 καί“
1169 2523 1255 2564 απαν
1286 2497 1376 2614 λήιον

272 2603 442 2691 ε’ξοόρεος’
418 2605 672 2689 αποτεμνόμενον
703 2630 755 2670 ναι
777 2615 844 2680 τοῖς
864 2601 1043 2688 βοσκήμασι
1077 2593 1378 2688 λαφυραγωγοόμε-

255 2730 340 2807 νον,
360 2708 492 2794 δηχθεις
521 2699 579 2793 τήν
607 2703 718 2791 ψυχήν
750 2705 961 2790 ἀπηνέστερον
992 2706 1196 2789 προσηνέχθη
1226 2704 1293 2766 τιεί
1313 2725 1378 2765 των

348 2893 390 2947 18.
411 2893 594 2969 ποριμόδατα
613 2895 643 2950 G.
662 2878 765 2948 rectum
784 2894 848 2962 quid
866 2902 947 2960 esset,
966 2893 1034 2947 vidit
1053 2902 1080 2945 et
1096 2894 1239 2980 interpres.

279 3081 313 3122 ex
332 3067 471 3122 voluntate
490 3057 585 3136 potuit,
605 3069 727 3136 plurimis
746 3077 834 3122 autem
854 3069 957 3121 emissis
976 3068 1168 3136 profectionem
1189 3067 1298 3136 lougius
1317 3067 1378 3119 for.

275 3143 329 3194 tius
348 3141 472 3205 instituit,
491 3140 646 3194 abalienans
665 3159 695 3196 se
714 3144 790 3194 vario
809 3141 887 3194 modo
908 3141 940 3192 ab
961 3141 1126 3193 exercituin
1145 3140 1256 3207 privatis
1282 3141 1379 3192 castris

275 3221 303 3265 et
321 3213 519 3281 possessionum
531 3215 709 3265 ostentatione
723 3230 838 3277 suarum,
858 3221 884 3264 et
896 3213 1085 3280 pretiosiorum
1095 3211 1287 3263 constitutione
1298 3211 1378 3264 aedi.
1435 3219 1437 3221 ·

273 3286 403 3338 ficiornm.
420 3302 478 3337 eum
489 3286 572 3354 igitur
585 3287 718 3338 exereitus
728 3285 947 3351 transiretHaiyn
962 3286 1006 3352 qui
1016 3285 1113 3336 dieitur
1123 3282 1240 3347 fluvium,
1252 3283 1310 3352 ipse
1322 3298 1379 3334 nou

273 3358 402 3410 transibat
420 3364 474 3408 tum
493 3373 552 3408 eum
572 3373 620 3409 eor
640 3359 732 3409 sedin
751 3373 845 3409 recens
865 3357 935 3409 iacto
956 3356 1067 3407 castello
1087 3356 1158 3424 quod
1178 3371 1210 3406 ex
1230 3356 1287 3406 eins
1308 3371 1389 3407 eon:

273 3431 413 3482 stitutione
430 3429 595 3482 aedificatum
616 3438 673 3498 erat
690 3444 829 3480 remanens
854 3430 916 3481 iude
934 3427 1079 3479 nonnullos
1099 3429 1156 3480 dies
1175 3428 1257 3494 degit.
1279 3428 1379 3479 deinde

273 3508 457 3569 transgressus
478 3502 575 3567 etipse
595 3503 673 3551 etiam
692 3500 869 3556 ianarsiaui
888 3503 1028 3568 provincia
1046 3501 1205 3552 divisionem
1225 3514 1258 3549 ex
1282 3500 1399 3552 castris*
1445 3551 1452 3558 ,
1478 3525 1482 3536 =

276 3572 310 3624 ad
328 3588 390 3624 suas
408 3574 594 3639 possessiones
614 3573 764 3638 descripsit,
787 3581 866 3623 etex
884 3573 933 3624 illo
945 3582 1065 3638 tempore
1085 3572 1214 3624 indivisus
1235 3569 1379 3625 eratCae.

276 3659 370 3696 sareae
390 3645 498 3696 omnino
516 3659 571 3694 nou
590 3644 737 3694 accedeus·
757 3644 842 3694 donee
861 3645 888 3695 in
906 3644 978 3728 loeo,
999 3646 1043 3712 qui
1064 3643 1123 3696 fons
1143 3642 1248 3712 gelidus
1269 3643 1379 3708 dicitur,

278 3722 366 3768 eastra
388 3717 487 3780 posuit.
526 3722 567 3766 est
586 3715 654 3765 enim
673 3713 749 3765 loeus
768 3714 842 3765 nulla
861 3718 968 3768 omnino
987 3732 1076 3768 rerum
1094 3716 1199 3767 utilium
1219 3715 1381 3767 destitutus:

282 3792 363 3852 atque
383 3801 476 3854 aquam
498 3784 612 3836 lucidam
634 3786 713 3839 simul
733 3794 760 3837 et
778 3795 807 3838 ut
824 3786 879 3839 bibi
896 3789 982 3856 possit
1004 3797 1029 3840 et
1047 3787 1253 3871 frigidissimam,
1280 3795 1307 3838 et
1332 3803 1380 3838 ar.

276 3856 356 3910 bores
382 3859 464 3910 densa
483 3857 577 3910 froude
595 3866 680 3909 tectas
699 3858 840 3927 proferens
861 3868 888 3911 et
910 3859 1061 3911 facultatem
1086 3849 1153 3928 ligni
1178 3859 1324 3925 praebens,
1351 3867 1381 3910 et

276 3930 359 3981 uariis
377 3931 446 3983 rosis
465 3930 566 3982 obsitus
586 3939 614 3981 et
634 3929 710 3995 liliis,
731 3939 758 3982 et
777 3929 901 3996 collibus,
917 3932 961 4000 qui
981 3931 1054 3983 lente
1065 3931 1097 3982 ad
1116 3933 1279 3997 seefferuut,
1300 3947 1381 3983 com-

276 4002 390 4067 positus,
412 4011 464 4067 et,
467 4000 497 4053 at
514 4004 551 4054 ita
569 4003 663 4066 dicam,
683 4002 798 4055 urbanus
818 4017 902 4071 Pagus
922 4011 949 4054 et
966 4005 1065 4055 rustiea
1084 4003 1146 4056 urbs
1165 4012 1275 4071 propter
1301 4019 1381 4054 eom-

227 4065 233 4078 ‘
276 4073 384 4126 mixtam
402 4073 554 4127 facultatem
573 4090 712 4141 apparens
757 4073 793 4126 ibi
814 4083 901 4125 autem
929 4089 977 4125 rex
1003 4075 1060 4128 dies
1084 4075 1229 4128 nonnullos
1254 4084 1381 4130 versatus

273 4160 337 4196 cum
355 4146 460 4198 videret
478 4154 573 4196 terram
593 4146 738 4198 crudeliter
757 4147 885 4230 direptam
905 4161 952 4213 per
970 4147 1069 4199 milites
1089 4154 1115 4198 et
1132 4150 1216 4215 magis
1236 4164 1284 4218 per
1302 4164 1382 4199 mer-

207 4272 210 4276 .
278 4218 402 4274 canarios
422 4226 448 4271 et
465 4217 570 4271 alienos
590 4227 616 4270 et
634 4233 726 4271 omnes
745 4227 852 4286 segetes
872 4219 1060 4287 intempestivo
1088 4219 1219 4276 abscissas
1245 4229 1272 4272 et
1290 4235 1383 4290 peoo-
