2967 4825
246 158 296 243 to
367 180 368 187 ¹
473 146 480 155 ’
536 166 757 241 nudamus
787 166 1049 239 omnesones
1103 254 1107 265 .

247 331 500 421 παρεκελεύσατο
521 333 565 418 μή
583 333 671 419 δίκην
692 331 860 417 προβάτων
880 329 936 398 ἐπ’
947 330 1092 417 ἀλλήλοιν
1111 327 1363 411 διασιτδαοθή·

247 461 315 517 ναι,
343 434 452 512 καθώς
481 433 510 500 οἱ
532 437 638 499 λοιποί
666 439 864 518 στρατιῶται
886 436 1047 508 ποιοῦντες
1070 428 1276 508 ἐντύνονται,
1295 428 1361 491 κατ’

247 543 331 603 νῶτα
358 541 467 603 δοῦναι
489 546 553 612 τοῖς
575 542 735 616 πολεμίαις
757 538 812 601 καί
839 536 976 609 στσνισύς
996 528 1132 607 ἑαυτούς
1152 531 1359 595 reuomente

248 642 415 705 Σκυθικῶν
437 638 644 721 τοξευμάτων,
671 637 753 703 itit
777 639 851 721 nop'
876 637 963 725 αύτῷ
986 639 1094 718 μένειν
1116 632 1172 697 καί
1190 635 1358 713 σχολαίως

248 738 383 803 ἕπεσθαι
404 737 483 823 μεεύ
501 742 658 822 καρτεροῦ
680 742 737 804 τού
751 737 985 821 συντάγματος,
1007 735 1050 811 alc
1071 738 1249 813 δυναμένου
1272 724 1395 795 τού-5

247 862 303 905 του
325 848 394 916 τοῖς
415 843 564 915 ἐναντίοις
597 842 739 923 ἰσχυραῖς
771 836 1026 920 ιένταμύνασθαι.
1072 835 1111 925 ιοἳ
1129 833 1246 921 δήκαύ
1265 855 1359 913 συμ-

247 937 464 1027 φρονήσαντες
485 936 553 1021 ἅμα
570 942 624 1005 καί
637 945 674 1029 τῇ
693 942 807 1029 σίνδρίηι
827 938 940 1004 τούτου
952 938 1173 1023 θαρρήσαντες
1193 933 1252 1019 τήν
1271 928 1359 997 ἐαυ-

246 1044 311 1117 τοῖν
334 1042 489 1125 σωτηρίαν
514 1037 615 1130 τούτῳ
637 1044 692 1107 κατ’
711 1039 767 1125 τήν
785 1042 969 1126 εὐθυωρίαν
983 1042 1139 1105 ούνὲθενῐσ.
1183 1036 1359 1119 ἐπορεύετο

246 1145 306 1223 μὲν
330 1134 385 1205 σύν
411 1142 480 1222 μετ’
511 1142 619 1206 αι’ταῖν
647 1140 662 1205 ὁ
692 1139 922 1226 Βοτανειοὶτης·
965 1141 995 1203 οἱ
1025 1143 1061 1205 δὲ
1083 1136 1207 1205 Σκύθαι
1226 1132 1361 1219 πληθύν

229 1266 317 1307 τινα
343 1240 464 1318 ἰδόντες
489 1242 608 1323 μικρσὶν
638 1240 786 1321 συντάξει
818 1243 874 1307 καί
891 1241 1000 1331 κόσμῳ
1028 1243 1279 1325 προβαίνουσιν,
1300 1236 1419 1307 ἐτιίθ

113 1378 126 1411 .·
179 1364 183 1410 ξ
248 1342 348 1427 αύτήν
372 1344 518 1435 depastio
540 1337 673 1429 ήλασανι
716 1341 886 1408 ιαέπαλλτέ
905 1341 1187 1428 περιιππεύσαντες
1206 1335 1359 1422 τούτους,

246 1445 301 1525 κατ’
322 1436 462 1531 septiflue
482 1443 583 1522 τόξων.
605 1445 716 1523 αύτοῖς
737 1443 982 1529 ἐπιπέμψαντες,
1001 1442 1046 1521 σύς
1066 1440 1232 1527 α’μήχανσν
1251 1436 1356 1522 ἔγνων

246 1542 303 1629 τήν
325 1547 447 1609 τούτων
468 1542 658 1627 παράλυσιν,
681 1538 817 1621 ἑαυτούς
829 1541 985 1626 ἀνέλαβον
1008 1538 1150 1609 ὄπισθεν.
1191 1540 1210 1604 ὅ
1230 1540 1267 1605 δέ
1281 1542 1356 1603 Bo·

245 1642 410 1730 τανειούτης
432 1642 486 1710 τύν
506 1649 728 1729 παραρρέοντα
748 1646 892 1727 ποταμὸν
907 1648 1110 1728 ἐπιτείχισμα
1129 1640 1355 1726 ποιησάμενος,

237 1747 305 1811 1ιιαί
321 1770 408 1821 τινας
431 1746 575 1822 ’σκοπιὰς
602 1746 665 1811 α’πύ
688 1749 807 1831 μέρους
840 1747 920 1831 ὑπὲρ
946 1746 1054 1810 ἀύτού
1085 1744 1353 1828 προβαλλόμενος,
1369 1766 1416 1818 15

241 1845 290 1924 Ἰούς
313 1840 352 1911 clv
373 1844 424 1930 μή
441 1849 579 1933 κυκλῷτο
603 1846 701 1930 παρσί,
715 1850 778 1912 τῶν
803 1844 952 1912 ἐναντίοιν
974 1851 1030 1911 καί
1051 1847 1212 1920 παντελῶς·
1234 1835 1355 1925 ἐπείρ-

246 1969 334 2032 ηοιτο
350 1950 406 2031 τῆς
428 1944 504 2011 ὁδοῦ
524 1944 579 2011 κατ’
597 1950 697 2029 μέσον
712 1951 842 2031 χορείας
863 1950 1099 2033 α’πειρσπληθεῖ
1109 1949 1235 2033 πολέμῳ
1254 1938 1355 2009 ἐλίσ-

248 2070 351 2127 κοιτο,
381 2052 547 2131 προέβαινε
574 2053 635 2131 μὲν
663 2051 739 2135 περί
766 2050 822 2126 τύς
848 2041 952 2133 ὄχθας
980 2051 1037 2112 τοῦ
1064 2052 1218 2129 ποταμοῦ.
1262 2044 1292 2111 ού
1314 2049 1355 2111 tt

247 2145 449 2227 Πατζινύκοι
481 2147 576 2236 πάλιν
609 2148 846 2227 ἐπεισπεσόντες
883 2147 970 2240 αύτῷ
997 2151 1039 2214 δι’
1073 2145 1146 2235 ὅλης
1174 2145 1355 2229 ἐπολέμουν

246 2248 390 2334 ἡμέρας,
412 2251 445 2315 ἐν
466 2249 554 2315 νυκτί
573 2253 608 2315 δὲ
631 2248 725 2317 πάλιν
747 2248 828 2317 rocol
857 2250 1013 2334 διαδοχάς
1035 2253 1151 2335 ἕτεροι·
1193 2264 1413 2333 euterpe-20

247 2350 421 2418 παύσασθαι
454 2354 488 2418 δὲ
513 2355 623 2420 τούτου
645 2358 700 2419 κατ’
719 2352 793 2431 τούς
818 2358 894 2440 περί
914 2352 1023 2434 αὐτόν,
1045 2357 1101 2420 καί
1121 2362 1226 2420 πεῖσαι
1249 2371 1356 2418 κατα-

246 2455 352 2528 θεῖναι
380 2451 419 2516 τιὶ
442 2448 543 2535 ὅπλα,
579 2458 729 2538 ου’δαμούς
752 2456 969 2541 ἠδυνήθησαν.
1020 2454 1138 2522 σκσνιύν
1158 2457 1194 2519 δὲ
1215 2452 1356 2538 μελετή-

247 2575 358 2628 σαντες
379 2553 512 2630 τούτους
532 2556 686 2649 duobusve
706 2559 854 2641 ποιῆσαι,
882 2558 936 2623 διὰ
957 2560 1081 2652 πολλῶν
1100 2559 1204 2639 βελοῖν
1222 2555 1355 2641 ματρός

302 2715 343 2767 17.
362 2719 497 2792 πολέμων
516 2719 546 2772 G.

246 2889 323 2949 terga
342 2883 436 2935 darent
455 2884 575 2940 hostibus
588 2894 615 2938 et
635 2889 709 2957 quasi
728 2889 796 2943 lines
815 2904 845 2942 se
859 2891 1052 2944 constituerent
1070 2891 1254 2959 Scythicorum
1271 2891 1355 2944 ison.

246 2951 332 3004 lorum
351 2955 398 3006 sed
419 2957 488 3023 apud
509 2973 538 3009 se
556 2969 694 3011 manerent
713 2969 739 3012 et
759 2961 905 3030 tranquille
924 2972 1101 3031 sequerentur
1119 2980 1179 3014 cum
1193 2961 1283 3015 valido
1295 2979 1352 3031 eg.

245 3025 326 3088 mine,
346 3027 446 3094 quippe
465 3031 535 3096 quod
552 3040 643 3097 posset
655 3032 775 3086 hostibus
793 3034 898 3086 fortiter
912 3035 1054 3087 resistcre:
1067 3034 1110 3086 illi
1129 3037 1213 3103 igitur
1233 3042 1261 3086 et
1279 3050 1353 3085 con.

247 3095 340 3147 cordes
367 3098 444 3149 simul
465 3109 491 3151 et
517 3102 671 3154 fortitudine
691 3105 771 3155 buius
789 3107 901 3158 animosi
919 3122 993 3158 suam
1011 3105 1124 3158 salutem
1147 3105 1208 3158 buic
1227 3114 1255 3157 et
1271 3106 1352 3157 dire.

245 3168 361 3238 ctionem
381 3170 557 3224 crediderunt.
581 3175 801 3242 proficiscebatur
815 3178 897 3245 igitur
908 3194 967 3228 cum
987 3179 1020 3229 iis
1038 3176 1210 3240 botaniatep:
1230 3177 1351 3244 Scythae

245 3245 332 3320 autem
360 3256 495 3293 numerum
523 3261 580 3296 cum
605 3248 728 3299 viderent
751 3264 863 3315 parvum
881 3250 974 3300 ordine
993 3250 1156 3314 procedere,
1185 3258 1278 3301 contra
1295 3249 1351 3300 iam

244 3311 383 3362 immodice
401 3318 594 3368 contenderunt
613 3326 639 3368 ot
658 3335 717 3369 cum
739 3319 850 3370 multum
874 3321 973 3373 circum
991 3320 1039 3371 bos
1058 3321 1223 3389 equitassent
1251 3327 1278 3371 et
1299 3322 1348 3370 ni.

243 3395 292 3432 ves
316 3381 464 3436 iaculorum
488 3388 521 3436 iis
541 3389 727 3451 immisissent,
754 3399 892 3459 postquam
913 3405 967 3443 non
986 3392 1047 3443 lieri
1062 3408 1143 3460 posse
1161 3400 1351 3460 coguoverunt

243 3451 337 3501 borum
363 3454 563 3522 dissipationem
588 3473 618 3508 se
642 3465 903 3526 receperunt'retro.
940 3460 1096 3515 botoniates
1115 3472 1203 3516 autem
1221 3470 1349 3530 praeter.

243 3521 369 3572 liuentem
385 3523 494 3576 fluvium
518 3530 677 3592 praesidium
696 3531 806 3596 iaciens,
827 3541 853 3585 et
871 3533 1000 3586 nonnulla
1020 3534 1200 3602 speculatoria
1218 3550 1252 3586 ex
1270 3542 1351 3600 parte

243 3607 324 3674 super·
337 3609 599 3675 colproponensme
619 3601 772 3668 cingeretur
791 3603 824 3655 ab
844 3604 963 3657 hostibus
984 3614 1012 3657 et
1030 3607 1137 3658 omnino
1158 3605 1350 3659 excluderetur

243 3677 288 3712 vra
309 3671 335 3746 et
359 3667 534 3720 circumfusus
560 3671 687 3722 immensa
706 3673 874 3728 multitudine
892 3676 1009 3728 bostium
1029 3687 1185 3745 caperetur,
1211 3677 1347 3745 procede.

242 3733 288 3784 bat
306 3749 378 3785 circa
398 3738 469 3803 ripas
493 3739 577 3792 fluvii.
608 3741 746 3794 Patsiualti
767 3754 853 3798 autem
871 3763 962 3800 rursus
981 3749 1129 3813 incidentes
1150 3751 1242 3816 siper
1261 3756 1348 3800 totum

242 3804 396 3870 pugnabant
417 3809 495 3861 diem.
519 3820 615 3864 ,noctu
640 3823 727 3866 autem
752 3832 842 3870 rursus
870 3821 990 3871 uicissim
1006 3820 1069 3883 alii3
1100 3821 1127 3871 in
1148 3821 1237 3889 iugem
1256 3829 1349 3871 autem

242 3883 350 3927 vertere
370 3878 439 3930 bunc
455 3888 481 3932 et
499 3883 556 3936 eius
575 3884 673 3938 milites
694 3895 721 3938 et
739 3902 918 3956 commovere,
938 3898 968 3941 ut
982 3893 1149 3958 deponerent
1165 3907 1253 3955 arma,
1268 3888 1347 3942 nullo

240 3948 318 4030 modo
344 3958 503 4034 potuerunt,
531 3957 667 4008 studentes
691 3967 778 4010 autem
811 3959 859 4013 bos
886 3963 961 4030 equis
993 3964 1099 4029 privare
1128 3963 1218 4014 multis
1248 3961 1346 4015 iaculis

241 4031 343 4070 eminus
372 4026 458 4075 missis
483 4040 567 4096 equos
587 4043 677 4080 eorum
697 4030 816 4095 iecerunt,
842 4033 953 4084 eumad
971 4047 1063 4086 manns
1082 4049 1141 4085 cum
1160 4036 1193 4086 iis
1212 4034 1345 4103 congredi

239 4101 293 4144 non
310 4099 436 4160 possent3
456 4099 625 4166 experientes
644 4103 713 4153 enim
735 4109 813 4155 antea
833 4101 884 4157 boe
903 4115 985 4173 saepe
1007 4105 1105 4160 multos
1122 4120 1230 4171 sporum
1248 4104 1344 4174 perdi-
