2967 4825
538 233 753 337 'maroam
855 328 858 338 ,
1137 270 1199 343 or

98 438 204 519 τιιιιύν,
227 438 261 502 οἳ
276 460 333 519 την
349 434 489 520 Ἰβηρίαν
513 443 568 504 κοί
588 441 841 525 Μεσοποταμίαν
863 469 915 509 και
933 438 1010 530 ύχρι
1028 444 1203 513 Aaronom

99 560 153 600 και
148 537 354 621 Μελιτηνῆς
371 542 427 602 καί
445 543 508 604 τοῖν
526 520 825 625 παραῖειμίνων
793 548 933 611 οικούοιν
958 548 1128 633 Ἀρμένιοι,
1152 572 1204 611 και

99 632 130 699 οἱ
151 635 208 720 τήν
231 634 408 721 Ἰαυδοϊκην
423 643 668 763 τούΝεστοριαυ
692 644 746 708 καί
765 643 822 731 την
842 672 903 711 των
929 640 1099 734 οἷκεφσὶλων
1120 653 1204 733 θρη-
1280 636 1284 640 ³

8 766 21 781 ·
97 736 260 813 σκεύοντες
279 737 421 821 αἵρεσιν·
441 768 495 807 ιιαι
515 743 575 867 γὰρ
599 743 832 827 πληθούσιν“
799 772 832 811 αι
850 753 956 869 χοῖροι
981 752 1035 833 τῆς
1056 749 1205 833 τοιαύτης

3 898 8 905 .
74 837 293 915 5ιιοιιούαξίας.
345 839 425 907 ε’ποὶν
460 845 495 909 δὲ
517 870 569 908 και
601 870 662 909 των
680 846 863 931 σ’ρθοδύξων
891 843 998 933 ἥψατο
1031 847 1064 915 τὸ
1087 852 1202 933 δεινόν,
1289 918 1299 927 ,

98 941 145 1015 είς
168 937 354 1024 α’μηχανίαν
375 969 472 1069 quau,
480 947 595 1021 πάντες
618 946 646 1011 οἱ
664 944 703 1011 τύ
722 944 889 1031 Ῥωμαίων
912 948 1149 1036 θρησκεύοντας.

192 1033 352 1123 Ὅμωςδ’
373 1035 429 1110 ουν
451 1046 623 1111 α’νίστοταί
639 1074 687 1124 τις
719 1049 783 1114 ταῖν
805 1052 1022 1175 αι’ποτριδύν,
1040 1051 1203 1135 Ῥωμανὸς

98 1138 359 1230 βεστύρχηςς
334 1172 358 1234 tp
380 1148 415 1211 τύ
450 1150 577 1232 ἐπίκλην
598 1151 761 1234 Διογένης.
805 1142 897 1227 ούτος
928 1150 989 1235 χοὶρ
1012 1179 1065 1218 ιιοι
1089 1156 1203 1239 πρύτε-

55 1314 59 1319 ,
100 1266 158 1325 ρον
179 1247 239 1324 μὲν
268 1244 352 1330 ύρούν
379 1250 414 1312 εἰι
437 1251 495 1337 τῆς
511 1251 572 1313 τῶν
595 1250 797 1333 κρατούντων
824 1252 927 1328 αἰτίας
949 1252 1005 1318 καί
1032 1255 1096 1319 των
1121 1258 1203 1319 iari-

53 1349 160 1413 soora
183 1344 412 1431 ύστερημύτων
434 1348 700 1435 ἀναπληρούμενα
730 1355 793 1417 τοῖν
816 1350 943 1439 ἐχθροῖν
972 1352 1011 1419 τύ
1035 1345 1203 1439 θελήματα
1276 1394 1283 1405 1

99 1448 158 1510 καί
182 1448 341 1529 μεγάλους
378 1452 575 1533 γινομένους
596 1459 664 1525 ταῖς
697 1456 914 1537 μικρολοχίοις
947 1458 1008 1519 ταῖν
1027 1456 1203 1539 Ῥωμαίων,
1292 1512 1301 1520 ,

99 1549 266 1613 ἐποτνιᾶτο
280 1549 335 1614 καί
351 1545 505 1635 ἤσχαλλε,
524 1558 578 1617 καί
598 1550 794 1619 ἀποστασίαν
813 1560 873 1638 μὲν
889 1548 1012 1637 ύιλινεν,
1033 1561 1089 1622 ούκ
1111 1557 1206 1643 ἔρωτι

96 1650 173 1732 μέν,
196 1650 239 1725 ὥς
260 1653 479 1733 διεβεβαιοῦτο
499 1650 652 1736 ὕστερον,
673 1658 727 1719 καί
754 1655 925 1722 ἀπολαύσει
950 1660 1013 1722 τῶν
1036 1662 1205 1742 ἐξαιρέτως

98 1752 211 1835 ου’τῆς,
235 1752 303 1816 ἀλλ’
326 1752 370 1827 uic
384 1750 447 1829 ’τὰς
469 1755 570 1836 τύχας
586 1754 772 1839 α’νορθιύσαι
788 1760 851 1820 τῶν
874 1751 935 1842 ἤδη
951 1758 1108 1823 πεσόντων
1125 1758 1206 1823 Ῥω-

58 1850 219 1934 15μοίων,
242 1846 358 1938 ivr-pi,
381 1852 462 1919 κατὰ
486 1852 578 1936 λύγον
603 1850 668 1937 εἶχε
690 1856 729 1919 τύ
753 1856 935 1940 πράγματα.
979 1861 1204 1939 ε’μπιστευθείς

100 1946 159 2045 σύν
181 1953 236 2021 ε’πί
255 1958 336 2019 τέλει
356 1959 414 2018 τοῦ
427 1959 594 2035 ὶβασιλέως
607 1957 664 2021 τού
681 1952 791 2022 Δούκα
815 1956 872 2041 τήν
888 1961 942 2043 τῆς
963 1961 1121 2041 Σορδικῆς
1144 1960 1207 2041 α’ρ-

86 2130 92 2138 ,
101 2052 177 2137 χήν,
198 2053 410 2135 ἐβουλεύσατο
431 2052 507 2131 τούς
528 2055 744 2139 Σαυρομάτας
767 2062 1009 2141 προσλαβέσθαι
1033 2054 1206 2141 συνεργούς

100 2160 154 2231 εἰς’
176 2152 211 2222 τό
245 2152 464 2237 μελιτούμενον
493 2158 549 2220 καί
570 2156 615 2233 εἷς
637 2162 796 2239 προῦπτον
828 2154 905 2221 αύτό
937 2158 1073 2241 α’χοχείν.
1118 2160 1207 2221 ε’πεί-

99 2263 197 2323 θοντο
217 2255 279 2341 χύρ
302 2260 414 2321 ἐκεῖνοι
441 2260 483 2345 τῷ
505 2256 601 2340 οἷνύρί
620 2256 721 2347 τούτῳ
748 2255 802 2323 διὰ
825 2257 859 2323 τὸ
884 2260 918 2321 ἐκ
944 2263 1002 2341 ’τῆς
1023 2256 1205 2342 α’χχιθύρσυ

53 2362 293 2447 λθστρατηχίας
315 2357 642 2444 προεπιχινύσιιεσθοι
665 2362 776 2425 τούτου
799 2359 919 2442 αὐτοῖς,
937 2357 1028 2426 ύπύτε
1048 2363 1110 2426 ταῖν
1133 2363 1208 2446 περὶ

100 2460 161 2528 τὸν
180 2454 304 2546 Ἴστρον
325 2454 434 2545 ἅρχων
468 2461 589 2526 πύλεων
608 2463 730 2539 τούτοις
758 2465 989 2548 σίντεπολέμησε
1021 2464 1075 2527 καί
1096 2469 1203 2528 πεσεῖν
1215 2468 1233 2522 f.
1256 2467 1306 2524 186
1322 2482 1350 2524 τ.

100 2560 336 2646 ἐκινδύνευσεν,
358 2565 388 2627 εἰ
412 2562 459 2647 μὴ
481 2566 616 2642 ἔξειλετο
635 2566 748 2628 τούιον
771 2561 1016 2652 οὶκοτομωνίοτιρ
1044 2559 1130 2652 ῥύμη
1153 2566 1208 2627 καί

101 2663 197 2754 ῥιύμη
221 2663 406 2752 Νικηφόρος
436 2664 610 2751 μύχιστρος
631 2665 648 2729 ὅ
670 2663 896 2751 Βοτανειύτης·Ι
932 2669 1037 2754 Ιτούτο
1060 2664 1120 2751 χύρ
1146 2663 1206 2750 ἐχιύ

176 2837 217 2891 13.
237 2838 303 2910 μὲν]
322 2838 378 2910 μὲν
393 2835 560 2906 moriatur?
660 2837 812 2908 ἐξαιρέτων
830 2838 973 2906 interpres.

100 2995 236 3046 iactornm
254 2994 295 3045 ira
312 3001 406 3046 contra
424 2993 586 3059 haereticos,
606 2994 651 3062 qui
669 2993 783 3046 iberiam
804 3001 831 3045 et
848 2995 1063 3062 Mesopotamiam
1077 3001 1103 3046 et
1120 3008 1206 3062 usque
1235 3055 1237 3064 ,

98 3067 135 3118 ad
161 3066 313 3132 Lycandum
338 3075 365 3117 et
388 3065 541 3119 Melitenam
565 3073 594 3116 et
617 3066 766 3117 adiacentia
795 3065 856 3118 loca
873 3066 1012 3129 incolunt,
1040 3065 1160 3118 Armenii
1181 3073 1207 3116 et

99 3137 150 3206 qui
181 3138 310 3188 iudaicam
335 3137 452 3190 Nestorii
482 3146 509 3188 et
527 3138 607 3204 capiti
636 3135 832 3206 (patriarchae)
855 3138 1065 3188 inobedientium
1085 3136 1206 3187 colentes

98 3209 245 3260 baeresim.
284 3210 382 3260 etenim
400 3209 480 3274 plena
493 3217 555 3260 sunt
571 3208 632 3259 loca
649 3208 697 3259 tali
716 3207 785 3259 falsa
798 3208 857 3259 fide.
884 3201 1000 3275 qnando
1019 3216 1106 3258 autem
1128 3209 1206 3258 etiam

100 3280 268 3332 orthodoxos
295 3281 384 3350 tetigit
402 3280 568 3346 periculum,
598 3282 626 3330 in
654 3278 811 3332 difficultate
838 3287 913 3331 erant
932 3294 1023 3330 omnes
1046 3277 1207 3331 Graecorum

99 3354 182 3404 fidem
202 3351 332 3404 colentes.

212 3424 308 3476 Tamen
335 3425 417 3492 igitur
447 3426 533 3491 surgit
552 3425 657 3493 σιτίοισι
675 3423 805 3475 nobilium
826 3423 941 3476 Graecus
961 3421 1205 3489 protovestiarius,

100 3497 149 3548 cui
167 3511 265 3547 nomen
285 3496 437 3564 Diogenis:
457 3497 501 3547 hic
521 3498 590 3546 enirn
611 3497 689 3547 etiarn
708 3503 786 3548 antea
800 3495 892 3547 videns
918 3495 1111 3561 imperatorum
1126 3492 1206 3559 culpa

100 3579 130 3621 et
150 3569 213 3619 inde
233 3567 335 3619 effectis
355 3569 485 3634 augustiis
504 3576 613 3635 peracta
632 3568 747 3619 hostium
768 3565 882 3618 consilia
896 3575 922 3618 et
931 3581 1042 3634 magnos
1054 3579 1099 3616 eos
1120 3564 1205 3615 factos

99 3640 266 3708 parsimonia
290 3641 469 3702 Graecorum,
498 3655 579 3706 aegre
600 3638 704 3691 ferebat
723 3647 749 3690 et
768 3637 954 3706 indignabatur
975 3645 1001 3689 et
1026 3637 1206 3694 deiectionem

98 3712 279 3763 meditabatur
302 3725 355 3761 non
383 3712 526 3778 cupiditate
556 3712 661 3778 quidem
687 3719 716 3761 nt
745 3710 892 3762 affirmabat
920 3717 1037 3775 postea,
1064 3715 1091 3758 et
1118 3708 1207 3759 fructu

101 3784 303 3834 commodorum
323 3783 391 3845 eins,
410 3785 457 3835 sed
476 3790 505 3832 nt
525 3783 642 3834 fortunas
665 3783 820 3833 restituerat
840 3782 989 3832 cadentium
1009 3783 1060 3831 iam
1086 3779 1206 3831 Graeco.

99 3871 181 3918 rum,
203 3871 262 3905 cum
280 3869 335 3905 non
354 3854 498 3906 secundum
517 3854 646 3905 rationem
666 3870 696 3903 se
716 3853 847 3904 haberent
865 3867 917 3904 res.
957 3868 1015 3902 cum
1040 3853 1123 3918 igitur
1143 3866 1205 3918 ore.

100 3926 159 3976 dita
177 3934 251 3977 esset
270 3927 295 3976 ei
314 3927 427 3992 imperio
446 3927 519 3992 regis
540 3926 630 3976 Dusae
650 3925 753 3976 sardica
772 3925 905 3990 senapin,
925 3925 1016 3975 statuit
1037 3923 1205 3975 Sauromatas

80 3998 230 4063 accipere
255 3999 346 4049 socios
372 3997 405 4047 ad
430 3996 572 4047 consilium
600 4005 626 4047 et
645 3997 672 4045 in
692 3996 861 4046 manifestum
878 3994 904 4044 id
927 3994 1084 4060 producere.
1123 4009 1205 4061 pare..

99 4069 168 4119 bant
193 4069 263 4119 enim
288 4068 330 4120 illi
350 4069 409 4120 viro
432 4068 511 4132 huic,
534 4069 596 4135 quia
614 4068 704 4119 vicino
725 4068 838 4133 imperio
858 4065 901 4115 hic
919 4067 953 4116 iis
974 4075 1052 4116 antea
1071 4075 1206 4133 spectatus

101 4148 178 4204 erat,
204 4156 263 4191 oum
289 4142 415 4208 princeps
437 4138 540 4190 urbium
560 4141 630 4191 circa
648 4139 744 4190 Istrum
765 4139 872 4189 sitarum
892 4137 933 4189 his
951 4135 1052 4188 bellum
1078 4138 1205 4200 inferret,

100 4219 132 4263 et
150 4212 248 4264 cadere
266 4211 480 4279 periclitaretur,
505 4213 558 4263 nisi
583 4212 726 4263 exemisset
745 4209 815 4262 hunc
835 4210 936 4277 impetu
956 4218 982 4260 et
1002 4209 1098 4260 robore
1122 4209 1206 4263 Nico..
1256 4243 1259 4254 .

163 4309 245 4364 ιιαι.
262 4308 345 4362 areu.
366 4309 432 4364 ιιαι.
1001 4306 1015 4362 t
1102 4295 1109 4306 '
