<?xml version="1.0" encoding="UTF-8"?>
<!DOCTYPE html PUBLIC "-//W3C//DTD XHTML 1.0 Transitional//EN"
    "http://www.w3.org/TR/xhtml1/DTD/xhtml1-transitional.dtd">
<html xmlns="http://www.w3.org/1999/xhtml" xml:lang="en" lang="en">
 <head>
  <title>
</title>
<meta http-equiv="Content-Type" content="text/html;charset=utf-8" />
  <meta name='ocr-system' content='tesseract 3.04.00' />
  <meta name='ocr-capabilities' content='ocr_page ocr_carea ocr_par ocr_line ocrx_word'/>
</head>
<body>
  <div class='ocr_page' id='page_1' title='image "./corpusscriptoru41theogoog_0323.png"; bbox 0 0 2967 4825; ppageno 0'>
   <div class='ocr_carea' id='block_1_1' title="bbox 10 447 1368 2357">
    <p class='ocr_par' dir='ltr' id='par_1_1' title="bbox 118 447 1229 847">
     <span class='ocr_line' id='line_1_1' title="bbox 119 447 1229 544; baseline 0.006 -24"><span class='ocrx_word' id='word_1_1' title='bbox 119 447 397 538; x_wconf 68' lang='grc' dir='ltr'><strong><em>βεβασιλευκότος</em></strong></span> <span class='ocrx_word' id='word_1_2' title='bbox 413 453 615 544; x_wconf 78' lang='grc' dir='ltr'><strong><em>ου’τόδελφος</em></strong></span> <span class='ocrx_word' id='word_1_3' title='bbox 636 459 652 521; x_wconf 86' lang='lat'>6</span> <span class='ocrx_word' id='word_1_4' title='bbox 679 455 911 541; x_wconf 85' lang='grc' dir='ltr'><strong><em>Κωνστάντιος,</em></strong></span> <span class='ocrx_word' id='word_1_5' title='bbox 936 461 1083 538; x_wconf 82' lang='grc' dir='ltr'><strong><em>ἀντίπαις</em></strong></span> <span class='ocrx_word' id='word_1_6' title='bbox 1106 455 1152 532; x_wconf 80' lang='grc' dir='ltr'><strong><em>ἀν,</em></strong></span> <span class='ocrx_word' id='word_1_7' title='bbox 1173 461 1229 529; x_wconf 69' lang='grc' dir='ltr'><strong><em>ἔτι.</em></strong></span> 
     </span>
     <span class='ocr_line' id='line_1_2' title="bbox 119 551 1227 648; baseline 0.009 -30"><span class='ocrx_word' id='word_1_8' title='bbox 119 557 183 640; x_wconf 81' lang='grc' dir='ltr'><strong><em>τῆς</em></strong></span> <span class='ocrx_word' id='word_1_9' title='bbox 202 556 434 641; x_wconf 77' lang='grc' dir='ltr'><strong>βασιλευούσης</strong></span> <span class='ocrx_word' id='word_1_10' title='bbox 455 551 576 632; x_wconf 85' lang='grc' dir='ltr'><strong><em>πόλεως</em></strong></span> <span class='ocrx_word' id='word_1_11' title='bbox 599 562 654 625; x_wconf 87' lang='grc' dir='ltr'><strong>καί</strong></span> <span class='ocrx_word' id='word_1_12' title='bbox 674 563 736 625; x_wconf 87' lang='grc' dir='ltr'><strong><em>τιόν</em></strong></span> <span class='ocrx_word' id='word_1_13' title='bbox 759 560 940 644; x_wconf 85' lang='grc' dir='ltr'><strong><em>ἀνακτόρων</em></strong></span> <span class='ocrx_word' id='word_1_14' title='bbox 961 563 1047 644; x_wconf 87' lang='grc' dir='ltr'><strong>παρά</strong></span> <span class='ocrx_word' id='word_1_15' title='bbox 1067 567 1126 626; x_wconf 79' lang='grc' dir='ltr'><strong><em>τοῦ</em></strong></span> <span class='ocrx_word' id='word_1_16' title='bbox 1147 589 1227 648; x_wconf 81' lang='grc' dir='ltr'><strong><em>συγ-</em></strong></span> 
     </span>
     <span class='ocr_line' id='line_1_3' title="bbox 118 656 1229 746; baseline 0.01 -27"><span class='ocrx_word' id='word_1_17' title='bbox 118 656 218 738; x_wconf 80' lang='grc' dir='ltr'><strong><em>γόνου</em></strong></span> <span class='ocrx_word' id='word_1_18' title='bbox 234 660 409 741; x_wconf 29' lang='grc' dir='ltr'><strong><em>,ἀπείργετο</em></strong></span> <span class='ocrx_word' id='word_1_19' title='bbox 430 663 486 722; x_wconf 84' lang='grc' dir='ltr'><strong>καί</strong></span> <span class='ocrx_word' id='word_1_20' title='bbox 506 663 586 742; x_wconf 83' lang='grc' dir='ltr'><strong><em>πρὸς</em></strong></span> <span class='ocrx_word' id='word_1_21' title='bbox 610 658 665 743; x_wconf 75' lang='grc' dir='ltr'><strong>τήν</strong></span> <span class='ocrx_word' id='word_1_22' title='bbox 688 661 860 744; x_wconf 73' lang='grc' dir='ltr'><strong><em>ἀντιπέραν</em></strong></span> <span class='ocrx_word' id='word_1_23' title='bbox 880 662 1032 746; x_wconf 86' lang='grc' dir='ltr'><strong><em>η’λαόνετυ</em></strong></span> <span class='ocrx_word' id='word_1_24' title='bbox 1053 663 1229 732; x_wconf 81' lang='grc' dir='ltr'><strong><em>θάλασσαν.</em></strong></span> 
     </span>
     <span class='ocr_line' id='line_1_4' title="bbox 118 756 1227 847; baseline 0.011 -27"><span class='ocrx_word' id='word_1_25' title='bbox 118 756 139 820; x_wconf 90' lang='lat'>6</span> <span class='ocrx_word' id='word_1_26' title='bbox 161 761 196 822; x_wconf 79' lang='grc' dir='ltr'><strong>δὲ</strong></span> <span class='ocrx_word' id='word_1_27' title='bbox 219 757 455 842; x_wconf 79' lang='grc' dir='ltr'><strong><em>Βοτανειάτης,</em></strong></span> <span class='ocrx_word' id='word_1_28' title='bbox 482 759 601 843; x_wconf 86' lang='grc' dir='ltr'><strong><em>πατρός</em></strong></span> <span class='ocrx_word' id='word_1_29' title='bbox 626 762 674 824; x_wconf 74' lang='grc' dir='ltr'><strong>ἀπ’</strong></span> <span class='ocrx_word' id='word_1_30' title='bbox 697 762 790 846; x_wconf 80' lang='grc' dir='ltr'><strong><em>αὐτῷ</em></strong></span> <span class='ocrx_word' id='word_1_31' title='bbox 811 761 974 847; x_wconf 74' lang='grc' dir='ltr'><strong><em>σπλάγχνα</em></strong></span> <span class='ocrx_word' id='word_1_32' title='bbox 997 769 1051 829; x_wconf 89' lang='grc' dir='ltr'><strong>καί</strong></span> <span class='ocrx_word' id='word_1_33' title='bbox 1080 763 1227 836; x_wconf 85' lang='grc' dir='ltr'><strong><em>διόθεσιν</em></strong></span> 
     </span>
    </p>

    <p class='ocr_par' dir='ltr' id='par_1_2' title="bbox 87 857 1368 1349">
     <span class='ocr_line' id='line_1_5' title="bbox 87 857 1228 946; baseline 0.008 -23"><span class='ocrx_word' id='word_1_34' title='bbox 87 857 378 944; x_wconf 76' lang='grc' dir='ltr'><strong><em>5ἑνδεικνόμενυς,</em></strong></span> <span class='ocrx_word' id='word_1_35' title='bbox 400 858 454 924; x_wconf 85' lang='grc' dir='ltr'><strong>καί</strong></span> <span class='ocrx_word' id='word_1_36' title='bbox 475 861 539 925; x_wconf 81' lang='grc' dir='ltr'><strong><em>τοόν</em></strong></span> <span class='ocrx_word' id='word_1_37' title='bbox 560 860 744 943; x_wconf 86' lang='grc' dir='ltr'><strong><em>ἀνακτόρων</em></strong></span> <span class='ocrx_word' id='word_1_38' title='bbox 765 860 853 940; x_wconf 75' lang='grc' dir='ltr'><strong><em>ἐντός</em></strong></span> <span class='ocrx_word' id='word_1_39' title='bbox 876 865 1051 946; x_wconf 84' lang='grc' dir='ltr'><strong><em>είσεδέχετο</em></strong></span> <span class='ocrx_word' id='word_1_40' title='bbox 1072 868 1128 931; x_wconf 89' lang='grc' dir='ltr'><strong>καί</strong></span> <span class='ocrx_word' id='word_1_41' title='bbox 1147 863 1228 932; x_wconf 84' lang='grc' dir='ltr'><strong><em>σόν-</em></strong></span> 
     </span>
     <span class='ocr_line' id='line_1_6' title="bbox 119 955 1226 1049; baseline 0.004 -25"><span class='ocrx_word' id='word_1_42' title='bbox 119 962 251 1024; x_wconf 90' lang='grc' dir='ltr'><strong><em>δειτινον</em></strong></span> <span class='ocrx_word' id='word_1_43' title='bbox 272 955 418 1036; x_wconf 81' lang='grc' dir='ltr'><strong><em>όποιιῖτο,</em></strong></span> <span class='ocrx_word' id='word_1_44' title='bbox 441 961 495 1025; x_wconf 84' lang='grc' dir='ltr'><strong>καί</strong></span> <span class='ocrx_word' id='word_1_45' title='bbox 516 957 636 1047; x_wconf 81' lang='grc' dir='ltr'><strong><em>φθόνον</em></strong></span> <span class='ocrx_word' id='word_1_46' title='bbox 659 961 707 1025; x_wconf 76' lang='grc' dir='ltr'><strong>ἐπ’</strong></span> <span class='ocrx_word' id='word_1_47' title='bbox 729 961 818 1049; x_wconf 78' lang='grc' dir='ltr'><strong><em>αάτῷ</em></strong></span> <span class='ocrx_word' id='word_1_48' title='bbox 840 955 860 1045; x_wconf 75' lang='grc' dir='ltr'><em>ἢ</em></span> <span class='ocrx_word' id='word_1_49' title='bbox 884 963 1026 1044; x_wconf 77' lang='grc' dir='ltr'><strong><em>ὑποψίαν</em></strong></span> <span class='ocrx_word' id='word_1_50' title='bbox 1045 963 1116 1029; x_wconf 88' lang='grc' dir='ltr'><strong><em>τινά</em></strong></span> <span class='ocrx_word' id='word_1_51' title='bbox 1140 971 1226 1047; x_wconf 85' lang='grc' dir='ltr'><strong><em>λαμ-</em></strong></span> 
     </span>
     <span class='ocr_line' id='line_1_7' title="bbox 116 1053 1226 1152; baseline 0.005 -27"><span class='ocrx_word' id='word_1_52' title='bbox 116 1057 233 1141; x_wconf 80' lang='grc' dir='ltr'><strong><em>βόνειν</em></strong></span> <span class='ocrx_word' id='word_1_53' title='bbox 254 1062 310 1124; x_wconf 83' lang='grc' dir='ltr'><strong>ουίι</strong></span> <span class='ocrx_word' id='word_1_54' title='bbox 333 1053 470 1145; x_wconf 78' lang='grc' dir='ltr'><strong><em>ἢθελεν·</em></strong></span> <span class='ocrx_word' id='word_1_55' title='bbox 515 1056 592 1126; x_wconf 86' lang='grc' dir='ltr'><strong><em>όθεν</em></strong></span> <span class='ocrx_word' id='word_1_56' title='bbox 613 1064 751 1126; x_wconf 81' lang='grc' dir='ltr'><strong><em>καττῶν</em></strong></span> <span class='ocrx_word' id='word_1_57' title='bbox 773 1067 954 1146; x_wconf 80' lang='grc' dir='ltr'><strong><em>προσόντων</em></strong></span> <span class='ocrx_word' id='word_1_58' title='bbox 987 1065 1074 1152; x_wconf 67' lang='lat' dir='ltr'><strong>crispi</strong></span> <span class='ocrx_word' id='word_1_59' title='bbox 1100 1065 1226 1151; x_wconf 79' lang='grc' dir='ltr'><strong><em>χρημά-</em></strong></span> 
     </span>
     <span class='ocr_line' id='line_1_8' title="bbox 116 1163 1226 1258; baseline 0.003 -32"><span class='ocrx_word' id='word_1_60' title='bbox 116 1185 185 1226; x_wconf 89' lang='grc' dir='ltr'><strong>των</strong></span> <span class='ocrx_word' id='word_1_61' title='bbox 203 1183 236 1224; x_wconf 87' lang='grc' dir='ltr'><strong>τε</strong></span> <span class='ocrx_word' id='word_1_62' title='bbox 256 1164 312 1228; x_wconf 85' lang='grc' dir='ltr'><strong>καί</strong></span> <span class='ocrx_word' id='word_1_63' title='bbox 331 1165 500 1247; x_wconf 76' lang='grc' dir='ltr'><strong><em>κτημάτων</em></strong></span> <span class='ocrx_word' id='word_1_64' title='bbox 520 1164 680 1242; x_wconf 80' lang='grc' dir='ltr'><strong><em>ου’δεριίαν</em></strong></span> <span class='ocrx_word' id='word_1_65' title='bbox 696 1163 869 1248; x_wconf 72' lang='grc' dir='ltr'><strong><em>περικοπὴν</em></strong></span> <span class='ocrx_word' id='word_1_66' title='bbox 888 1163 1067 1258; x_wconf 77' lang='grc' dir='ltr'><strong><em>ἐποιήσατο.</em></strong></span> <span class='ocrx_word' id='word_1_67' title='bbox 1122 1169 1226 1232; x_wconf 78' lang='grc' dir='ltr'><strong><em>τοιοῦ-</em></strong></span> 
     </span>
     <span class='ocr_line' id='line_1_9' title="bbox 116 1257 1368 1349; baseline 0.006 -21"><span class='ocrx_word' id='word_1_68' title='bbox 116 1286 174 1340; x_wconf 84' lang='grc' dir='ltr'><strong><em>τος</em></strong></span> <span class='ocrx_word' id='word_1_69' title='bbox 195 1257 235 1346; x_wconf 81' lang='grc' dir='ltr'><strong>ἤν</strong></span> <span class='ocrx_word' id='word_1_70' title='bbox 258 1263 274 1325; x_wconf 98' lang='lat'>6</span> <span class='ocrx_word' id='word_1_71' title='bbox 297 1261 528 1346; x_wconf 84' lang='grc' dir='ltr'><strong><em>Βοτανειάτης,</em></strong></span> <span class='ocrx_word' id='word_1_72' title='bbox 553 1261 609 1346; x_wconf 68' lang='grc' dir='ltr'><strong>τὴν</strong></span> <span class='ocrx_word' id='word_1_73' title='bbox 629 1264 741 1348; x_wconf 73' lang='grc' dir='ltr'><strong><em>ψυχὴν</em></strong></span> <span class='ocrx_word' id='word_1_74' title='bbox 761 1263 946 1347; x_wconf 70' lang='grc' dir='ltr'><strong>καθαρόςς</strong></span> <span class='ocrx_word' id='word_1_75' title='bbox 928 1272 1008 1348; x_wconf 84' lang='grc' dir='ltr'><strong><em>νπὲρ</em></strong></span> <span class='ocrx_word' id='word_1_76' title='bbox 1034 1262 1137 1349; x_wconf 78' lang='grc' dir='ltr'><strong><em>ἥλιον,</em></strong></span> <span class='ocrx_word' id='word_1_77' title='bbox 1172 1270 1254 1333; x_wconf 77' lang='lat' dir='ltr'><strong>natt-</strong></span> <span class='ocrx_word' id='word_1_78' title='bbox 1264 1271 1368 1336; x_wconf 71' lang='grc' dir='ltr'><strong><em>θθότ.</em></strong></span> 
     </span>
    </p>

    <p class='ocr_par' dir='ltr' id='par_1_3' title="bbox 70 1362 1308 1856">
     <span class='ocr_line' id='line_1_10' title="bbox 70 1362 1225 1451; baseline 0.005 -24"><span class='ocrx_word' id='word_1_79' title='bbox 70 1362 180 1448; x_wconf 65' lang='lat' dir='ltr'><strong>lovis</strong></span> <span class='ocrx_word' id='word_1_80' title='bbox 199 1365 327 1448; x_wconf 75' lang='grc' dir='ltr'><strong><em>γνώμην</em></strong></span> <span class='ocrx_word' id='word_1_81' title='bbox 349 1362 560 1447; x_wconf 87' lang='grc' dir='ltr'><strong><em>ἀπειρόκακον</em></strong></span> <span class='ocrx_word' id='word_1_82' title='bbox 583 1362 666 1446; x_wconf 77' lang='grc' dir='ltr'><strong><em>ἔχων</em></strong></span> <span class='ocrx_word' id='word_1_83' title='bbox 687 1369 742 1429; x_wconf 86' lang='grc' dir='ltr'><strong>καί</strong></span> <span class='ocrx_word' id='word_1_84' title='bbox 762 1367 865 1450; x_wconf 77' lang='grc' dir='ltr'><strong><em>πόσης</em></strong></span> <span class='ocrx_word' id='word_1_85' title='bbox 887 1368 1093 1451; x_wconf 75' lang='grc' dir='ltr'><strong><em>ἐλευθέραν</em></strong></span> <span class='ocrx_word' id='word_1_86' title='bbox 1075 1372 1225 1447; x_wconf 81' lang='grc' dir='ltr'><strong><em>υπονοίας</em></strong></span> 
     </span>
     <span class='ocr_line' id='line_1_11' title="bbox 118 1460 1268 1554; baseline 0.007 -24"><span class='ocrx_word' id='word_1_87' title='bbox 118 1465 237 1549; x_wconf 78' lang='grc' dir='ltr'><strong><em>δεινῆς.</em></strong></span> <span class='ocrx_word' id='word_1_88' title='bbox 259 1465 338 1529; x_wconf 88' lang='grc' dir='ltr'><strong>ἀλλά</strong></span> <span class='ocrx_word' id='word_1_89' title='bbox 363 1468 419 1530; x_wconf 85' lang='grc' dir='ltr'><strong>καί</strong></span> <span class='ocrx_word' id='word_1_90' title='bbox 437 1460 501 1546; x_wconf 79' lang='grc' dir='ltr'><strong><em>τός,</em></strong></span> <span class='ocrx_word' id='word_1_91' title='bbox 520 1467 551 1530; x_wconf 85' lang='grc' dir='ltr'><strong><em>εἰ</em></strong></span> <span class='ocrx_word' id='word_1_92' title='bbox 567 1465 613 1549; x_wconf 71' lang='grc' dir='ltr'><strong>μή</strong></span> <span class='ocrx_word' id='word_1_93' title='bbox 635 1490 682 1542; x_wconf 82' lang='grc' dir='ltr'><strong><em>τις</em></strong></span> <span class='ocrx_word' id='word_1_94' title='bbox 702 1464 1048 1551; x_wconf 79' lang='grc' dir='ltr'><strong><em>ἀνεξερεόνητοςχάρις</em></strong></span> <span class='ocrx_word' id='word_1_95' title='bbox 1065 1479 1224 1554; x_wconf 77' lang='grc' dir='ltr'><strong><em>περιεῖπεν</em></strong></span> <span class='ocrx_word' id='word_1_96' title='bbox 1256 1489 1268 1502; x_wconf 89' lang='grc'>·</span> 
     </span>
     <span class='ocr_line' id='line_1_12' title="bbox 118 1560 1308 1652; baseline 0.003 -21"><span class='ocrx_word' id='word_1_97' title='bbox 118 1564 231 1648; x_wconf 75' lang='grc' dir='ltr'><strong><em>ου’τόν,</em></strong></span> <span class='ocrx_word' id='word_1_98' title='bbox 255 1561 313 1630; x_wconf 70' lang='lat' dir='ltr'><strong>ode</strong></span> <span class='ocrx_word' id='word_1_99' title='bbox 333 1560 371 1631; x_wconf 83' lang='grc' dir='ltr'><strong>ἀν</strong></span> <span class='ocrx_word' id='word_1_100' title='bbox 391 1569 437 1641; x_wconf 84' lang='grc' dir='ltr'><strong><em>εἰς</em></strong></span> <span class='ocrx_word' id='word_1_101' title='bbox 457 1571 604 1632; x_wconf 87' lang='grc' dir='ltr'><strong><em>τοσοόταν</em></strong></span> <span class='ocrx_word' id='word_1_102' title='bbox 625 1568 1041 1652; x_wconf 80' lang='grc' dir='ltr'><strong><em>συμπαθείαςίλὴλυθεν</em></strong></span> <span class='ocrx_word' id='word_1_103' title='bbox 1018 1571 1127 1645; x_wconf 82' lang='grc' dir='ltr'><strong><em>ωςκαί</em></strong></span> <span class='ocrx_word' id='word_1_104' title='bbox 1146 1595 1223 1652; x_wconf 87' lang='grc' dir='ltr'><strong>πρυ</strong></span> <span class='ocrx_word' id='word_1_105' title='bbox 1305 1607 1308 1612; x_wconf 90' lang='lat'><em>·</em></span> 
     </span>
     <span class='ocr_line' id='line_1_13' title="bbox 117 1653 1267 1754; baseline 0.005 -22"><span class='ocrx_word' id='word_1_106' title='bbox 117 1671 207 1753; x_wconf 77' lang='grc' dir='ltr'><strong><em>φακῆ</em></strong></span> <span class='ocrx_word' id='word_1_107' title='bbox 230 1668 388 1732; x_wconf 85' lang='grc' dir='ltr'><strong><em>ἀντιδικον</em></strong></span> <span class='ocrx_word' id='word_1_108' title='bbox 409 1671 462 1732; x_wconf 87' lang='grc' dir='ltr'><strong>καί</strong></span> <span class='ocrx_word' id='word_1_109' title='bbox 482 1671 650 1749; x_wconf 76' lang='grc' dir='ltr'><strong><em>πολέμιον,</em></strong></span> <span class='ocrx_word' id='word_1_110' title='bbox 671 1694 723 1733; x_wconf 90' lang='grc' dir='ltr'><strong>και</strong></span> <span class='ocrx_word' id='word_1_111' title='bbox 749 1667 792 1742; x_wconf 83' lang='grc' dir='ltr'><strong><em>σός</em></strong></span> <span class='ocrx_word' id='word_1_112' title='bbox 814 1667 917 1752; x_wconf 69' lang='grc' dir='ltr'><strong><em>ἀκμὴν</em></strong></span> <span class='ocrx_word' id='word_1_113' title='bbox 939 1670 1086 1754; x_wconf 80' lang='grc' dir='ltr'><strong><em>νεότητος</em></strong></span> <span class='ocrx_word' id='word_1_114' title='bbox 1116 1675 1223 1754; x_wconf 80' lang='grc' dir='ltr'><strong><em>ὲπιβε-</em></strong></span> <span class='ocrx_word' id='word_1_115' title='bbox 1261 1653 1267 1658; x_wconf 22' lang='lat' dir='ltr'><em>A</em></span> 
     </span>
     <span class='ocr_line' id='line_1_14' title="bbox 115 1761 1222 1856; baseline 0.007 -26"><span class='ocrx_word' id='word_1_116' title='bbox 115 1761 258 1856; x_wconf 66' lang='grc' dir='ltr'><strong><em>βρκότα,</em></strong></span> <span class='ocrx_word' id='word_1_117' title='bbox 281 1772 335 1833; x_wconf 88' lang='grc' dir='ltr'><strong>καί</strong></span> <span class='ocrx_word' id='word_1_118' title='bbox 353 1764 492 1843; x_wconf 88' lang='grc' dir='ltr'><strong><em>ἀτόπους</em></strong></span> <span class='ocrx_word' id='word_1_119' title='bbox 512 1765 615 1851; x_wconf 85' lang='grc' dir='ltr'><strong><em>όρμάς</em></strong></span> <span class='ocrx_word' id='word_1_120' title='bbox 646 1771 700 1834; x_wconf 86' lang='grc' dir='ltr'><strong>καί</strong></span> <span class='ocrx_word' id='word_1_121' title='bbox 722 1768 1029 1850; x_wconf 79' lang='grc' dir='ltr'><strong><em>ἀναπεμπαζόμενοι</em></strong></span> <span class='ocrx_word' id='word_1_122' title='bbox 1052 1771 1109 1854; x_wconf 76' lang='grc' dir='ltr'><strong>τὴν</strong></span> <span class='ocrx_word' id='word_1_123' title='bbox 1144 1771 1222 1855; x_wconf 80' lang='grc' dir='ltr'><strong><em>πρός</em></strong></span> 
     </span>
    </p>

    <p class='ocr_par' dir='ltr' id='par_1_4' title="bbox 10 1869 1223 1955">
     <span class='ocr_line' id='line_1_15' title="bbox 10 1869 1223 1955; baseline 0.001 -20"><span class='ocrx_word' id='word_1_124' title='bbox 10 1900 15 1952; x_wconf 68' lang='lat'><strong>&#39;,</strong></span> <span class='ocrx_word' id='word_1_125' title='bbox 69 1872 325 1954; x_wconf 73' lang='lat' dir='ltr'><strong>15eddmpove¹os</strong></span> <span class='ocrx_word' id='word_1_126' title='bbox 361 1873 417 1954; x_wconf 81' lang='grc' dir='ltr'><strong><em>τῆς</em></strong></span> <span class='ocrx_word' id='word_1_127' title='bbox 444 1875 610 1948; x_wconf 76' lang='grc' dir='ltr'><strong><em>βασιλείας</em></strong></span> <span class='ocrx_word' id='word_1_128' title='bbox 636 1872 691 1934; x_wconf 87' lang='grc' dir='ltr'><strong>καί</strong></span> <span class='ocrx_word' id='word_1_129' title='bbox 721 1869 776 1934; x_wconf 91' lang='grc' dir='ltr'><strong>τόν</strong></span> <span class='ocrx_word' id='word_1_130' title='bbox 808 1875 999 1955; x_wconf 80' lang='grc' dir='ltr'><strong><em>καθαιρίτην</em></strong></span> <span class='ocrx_word' id='word_1_131' title='bbox 1030 1876 1087 1935; x_wconf 83' lang='grc' dir='ltr'><strong><em>τοῦ</em></strong></span> <span class='ocrx_word' id='word_1_132' title='bbox 1114 1875 1223 1954; x_wconf 77' lang='grc' dir='ltr'><strong><em>γόνους</em></strong></span> 
     </span>
    </p>

    <p class='ocr_par' dir='ltr' id='par_1_5' title="bbox 110 1969 1222 2357">
     <span class='ocr_line' id='line_1_16' title="bbox 118 1969 1222 2055; baseline -0.002 -17"><span class='ocrx_word' id='word_1_133' title='bbox 118 1975 226 2038; x_wconf 77' lang='grc' dir='ltr'><strong><em>αάτοόν</em></strong></span> <span class='ocrx_word' id='word_1_134' title='bbox 245 1969 419 2055; x_wconf 79' lang='grc' dir='ltr'><strong><em>γενόμενον,</em></strong></span> <span class='ocrx_word' id='word_1_135' title='bbox 442 1975 724 2053; x_wconf 82' lang='grc' dir='ltr'><strong><em>προσοικειοόσθαι</em></strong></span> <span class='ocrx_word' id='word_1_136' title='bbox 748 1975 803 2036; x_wconf 87' lang='grc' dir='ltr'><strong>καί</strong></span> <span class='ocrx_word' id='word_1_137' title='bbox 829 1970 973 2054; x_wconf 77' lang='grc' dir='ltr'><strong><em>παρόδου</em></strong></span> <span class='ocrx_word' id='word_1_138' title='bbox 1004 1973 1130 2036; x_wconf 82' lang='grc' dir='ltr'><strong><em>διδόναι</em></strong></span> <span class='ocrx_word' id='word_1_139' title='bbox 1161 1997 1222 2045; x_wconf 54' lang='grc' dir='ltr'><strong>συτ</strong></span> 
     </span>
     <span class='ocr_line' id='line_1_17' title="bbox 114 2071 1221 2162; baseline -0.004 -24"><span class='ocrx_word' id='word_1_140' title='bbox 114 2079 218 2140; x_wconf 77' lang='grc' dir='ltr'><strong><em>νιάναι</em></strong></span> <span class='ocrx_word' id='word_1_141' title='bbox 235 2074 322 2160; x_wconf 73' lang='grc' dir='ltr'><strong><em>αάτρῖ</em></strong></span> <span class='ocrx_word' id='word_1_142' title='bbox 343 2071 397 2138; x_wconf 85' lang='grc' dir='ltr'><strong>καί</strong></span> <span class='ocrx_word' id='word_1_143' title='bbox 416 2077 673 2153; x_wconf 76' lang='grc' dir='ltr'><strong><em>συνευωχεῖσθαι</em></strong></span> <span class='ocrx_word' id='word_1_144' title='bbox 694 2072 751 2136; x_wconf 86' lang='grc' dir='ltr'><strong>καί</strong></span> <span class='ocrx_word' id='word_1_145' title='bbox 779 2080 939 2136; x_wconf 79' lang='grc' dir='ltr'><strong><em>κοινωνεῖν</em></strong></span> <span class='ocrx_word' id='word_1_146' title='bbox 969 2073 1068 2160; x_wconf 69' lang='grc' dir='ltr'><strong><em>αὐτῷ·</em></strong></span> <span class='ocrx_word' id='word_1_147' title='bbox 1084 2075 1140 2136; x_wconf 87' lang='grc' dir='ltr'><strong>καί</strong></span> <span class='ocrx_word' id='word_1_148' title='bbox 1158 2081 1221 2162; x_wconf 76' lang='grc' dir='ltr'><strong><em>τοῖς</em></strong></span> 
     </span>
     <span class='ocr_line' id='line_1_18' title="bbox 110 2173 1220 2259; baseline -0.004 -19"><span class='ocrx_word' id='word_1_149' title='bbox 110 2174 286 2259; x_wconf 80' lang='grc' dir='ltr'><strong><em>βασιλείοις</em></strong></span> <span class='ocrx_word' id='word_1_150' title='bbox 308 2177 616 2257; x_wconf 76' lang='grc' dir='ltr'><strong><em>συναναμίγνυσθαι.</em></strong></span> <span class='ocrx_word' id='word_1_151' title='bbox 661 2173 677 2236; x_wconf 94' lang='lat'>6</span> <span class='ocrx_word' id='word_1_152' title='bbox 703 2177 760 2257; x_wconf 81' lang='grc' dir='ltr'><strong>δέ,</strong></span> <span class='ocrx_word' id='word_1_153' title='bbox 778 2173 834 2256; x_wconf 76' lang='grc' dir='ltr'><strong>τήν</strong></span> <span class='ocrx_word' id='word_1_154' title='bbox 856 2177 1014 2256; x_wconf 78' lang='grc' dir='ltr'><strong><em>βασιλέως</em></strong></span> <span class='ocrx_word' id='word_1_155' title='bbox 1036 2173 1220 2258; x_wconf 82' lang='grc' dir='ltr'><strong><em>ευέργεσίαν</em></strong></span> 
     </span>
     <span class='ocr_line' id='line_1_19' title="bbox 113 2269 1220 2357; baseline 0.001 -19"><span class='ocrx_word' id='word_1_156' title='bbox 113 2275 302 2339; x_wconf 86' lang='grc' dir='ltr'><strong><em>κακοποιίαν</em></strong></span> <span class='ocrx_word' id='word_1_157' title='bbox 323 2277 356 2352; x_wconf 76' lang='grc' dir='ltr'><strong>ἐξ</strong></span> <span class='ocrx_word' id='word_1_158' title='bbox 379 2273 572 2357; x_wconf 74' lang='grc' dir='ltr'><strong><em>ἀχαριστίας</em></strong></span> <span class='ocrx_word' id='word_1_159' title='bbox 604 2269 787 2357; x_wconf 75' lang='grc' dir='ltr'><strong><em>ἡγούμενος,</em></strong></span> <span class='ocrx_word' id='word_1_160' title='bbox 811 2275 866 2338; x_wconf 87' lang='grc' dir='ltr'><strong>καί</strong></span> <span class='ocrx_word' id='word_1_161' title='bbox 884 2275 961 2356; x_wconf 83' lang='grc' dir='ltr'><strong>μηδ’</strong></span> <span class='ocrx_word' id='word_1_162' title='bbox 986 2276 1030 2351; x_wconf 86' lang='grc' dir='ltr'><strong><em>εἰς</em></strong></span> <span class='ocrx_word' id='word_1_163' title='bbox 1062 2278 1136 2338; x_wconf 79' lang='grc' dir='ltr'><strong><em>νοῦν</em></strong></span> <span class='ocrx_word' id='word_1_164' title='bbox 1159 2277 1220 2355; x_wconf 80' lang='grc' dir='ltr'><strong>ἐμ-</strong></span> 
     </span>
    </p>
   </div>
   <div class='ocr_carea' id='block_1_2' title="bbox 65 2368 1219 2868">
    <p class='ocr_par' dir='ltr' id='par_1_6' title="bbox 65 2368 1219 2868">
     <span class='ocr_line' id='line_1_20' title="bbox 65 2368 1219 2464; baseline -0.001 -22"><span class='ocrx_word' id='word_1_165' title='bbox 65 2403 104 2458; x_wconf 80' lang='lat'><strong>20</strong></span> <span class='ocrx_word' id='word_1_166' title='bbox 112 2375 226 2459; x_wconf 79' lang='grc' dir='ltr'><strong><em>βαλών</em></strong></span> <span class='ocrx_word' id='word_1_167' title='bbox 247 2371 296 2442; x_wconf 85' lang='grc' dir='ltr'><strong><em>ότι</em></strong></span> <span class='ocrx_word' id='word_1_168' title='bbox 321 2374 391 2455; x_wconf 75' lang='grc' dir='ltr'><strong><em>ἐξόν</em></strong></span> <span class='ocrx_word' id='word_1_169' title='bbox 422 2368 458 2439; x_wconf 88' lang='grc' dir='ltr'><strong>όν</strong></span> <span class='ocrx_word' id='word_1_170' title='bbox 480 2378 524 2464; x_wconf 72' lang='grc' dir='ltr'><strong><em>τῷ</em></strong></span> <span class='ocrx_word' id='word_1_171' title='bbox 544 2379 676 2457; x_wconf 79' lang='grc' dir='ltr'><strong><em>βασιλεῖ</em></strong></span> <span class='ocrx_word' id='word_1_172' title='bbox 697 2376 753 2440; x_wconf 88' lang='grc' dir='ltr'><strong>καί</strong></span> <span class='ocrx_word' id='word_1_173' title='bbox 781 2373 987 2461; x_wconf 78' lang='grc' dir='ltr'><strong><em>ὀφειλόμενον</em></strong></span> <span class='ocrx_word' id='word_1_174' title='bbox 1009 2378 1134 2452; x_wconf 84' lang='grc' dir='ltr'><strong><em>πάντως</em></strong></span> <span class='ocrx_word' id='word_1_175' title='bbox 1157 2369 1219 2462; x_wconf 83' lang='grc' dir='ltr'><strong>ἀρ-</strong></span> 
     </span>
     <span class='ocr_line' id='line_1_21' title="bbox 115 2475 1218 2563; baseline -0.001 -21"><span class='ocrx_word' id='word_1_176' title='bbox 115 2481 175 2563; x_wconf 78' lang='grc' dir='ltr'><strong>δην</strong></span> <span class='ocrx_word' id='word_1_177' title='bbox 206 2478 360 2541; x_wconf 77' lang='grc' dir='ltr'><strong><em>ἀπολέσαι</em></strong></span> <span class='ocrx_word' id='word_1_178' title='bbox 380 2480 490 2541; x_wconf 78' lang='grc' dir='ltr'><strong><em>τοῦτον</em></strong></span> <span class='ocrx_word' id='word_1_179' title='bbox 520 2482 575 2541; x_wconf 90' lang='grc' dir='ltr'><strong>καί</strong></span> <span class='ocrx_word' id='word_1_180' title='bbox 597 2476 639 2551; x_wconf 81' lang='grc' dir='ltr'><strong>ἀς</strong></span> <span class='ocrx_word' id='word_1_181' title='bbox 667 2475 788 2559; x_wconf 72' lang='grc' dir='ltr'><strong><em>ἐχθρόν</em></strong></span> <span class='ocrx_word' id='word_1_182' title='bbox 823 2479 877 2540; x_wconf 89' lang='grc' dir='ltr'><strong>καί</strong></span> <span class='ocrx_word' id='word_1_183' title='bbox 909 2479 1085 2557; x_wconf 86' lang='grc' dir='ltr'><strong><em>ἀντίδικον,</em></strong></span> <span class='ocrx_word' id='word_1_184' title='bbox 1124 2480 1218 2543; x_wconf 82' lang='grc' dir='ltr'><strong><em>ου’δὲν</em></strong></span> 
     </span>
     <span class='ocr_line' id='line_1_22' title="bbox 113 2573 1218 2667; baseline -0.001 -23"><span class='ocrx_word' id='word_1_185' title='bbox 113 2584 259 2645; x_wconf 79' lang='grc' dir='ltr'><strong><em>τοιοῦτον</em></strong></span> <span class='ocrx_word' id='word_1_186' title='bbox 278 2579 477 2663; x_wconf 72' lang='grc' dir='ltr'><strong><em>διενοήσατο,</em></strong></span> <span class='ocrx_word' id='word_1_187' title='bbox 499 2578 554 2643; x_wconf 84' lang='grc' dir='ltr'><strong>καί</strong></span> <span class='ocrx_word' id='word_1_188' title='bbox 576 2573 685 2643; x_wconf 84' lang='grc' dir='ltr'><strong><em>ἀνετυν</em></strong></span> <span class='ocrx_word' id='word_1_189' title='bbox 708 2580 796 2667; x_wconf 65' lang='lat' dir='ltr'><strong>crispi</strong></span> <span class='ocrx_word' id='word_1_190' title='bbox 817 2577 874 2663; x_wconf 75' lang='grc' dir='ltr'><strong>τὴν</strong></span> <span class='ocrx_word' id='word_1_191' title='bbox 901 2576 984 2661; x_wconf 72' lang='grc' dir='ltr'><strong><em>ζωήν</em></strong></span> <span class='ocrx_word' id='word_1_192' title='bbox 1004 2577 1122 2661; x_wconf 79' lang='grc' dir='ltr'><strong><em>καίτὴν</em></strong></span> <span class='ocrx_word' id='word_1_193' title='bbox 1142 2583 1218 2643; x_wconf 88' lang='grc' dir='ltr'><strong><em>δια-</em></strong></span> 
     </span>
     <span class='ocr_line' id='line_1_23' title="bbox 112 2671 1216 2766; baseline -0.001 -21"><span class='ocrx_word' id='word_1_194' title='bbox 112 2678 220 2766; x_wconf 74' lang='grc' dir='ltr'><strong><em>γωγὴν</em></strong></span> <span class='ocrx_word' id='word_1_195' title='bbox 241 2671 417 2762; x_wconf 76' lang='grc' dir='ltr'><strong><em>εὐδαίμονα</em></strong></span> <span class='ocrx_word' id='word_1_196' title='bbox 438 2682 492 2745; x_wconf 85' lang='grc' dir='ltr'><strong>καί</strong></span> <span class='ocrx_word' id='word_1_197' title='bbox 516 2683 671 2746; x_wconf 88' lang='grc' dir='ltr'><strong><em>πλουσιάν</em></strong></span> <span class='ocrx_word' id='word_1_198' title='bbox 692 2679 736 2756; x_wconf 75' lang='grc' dir='ltr'><strong>ὥς</strong></span> <span class='ocrx_word' id='word_1_199' title='bbox 757 2678 791 2744; x_wconf 87' lang='grc' dir='ltr'><strong><em>τό</em></strong></span> <span class='ocrx_word' id='word_1_200' title='bbox 816 2685 891 2766; x_wconf 91' lang='grc' dir='ltr'><strong><em>πρίν</em></strong></span> <span class='ocrx_word' id='word_1_201' title='bbox 912 2686 1149 2759; x_wconf 80' lang='grc' dir='ltr'><strong><em>καταλέλοιπεν,</em></strong></span> <span class='ocrx_word' id='word_1_202' title='bbox 1169 2682 1216 2747; x_wconf 83' lang='grc' dir='ltr'><strong>ία-</strong></span> 
     </span>
     <span class='ocr_line' id='line_1_24' title="bbox 111 2773 1217 2868; baseline 0.001 -23"><span class='ocrx_word' id='word_1_203' title='bbox 111 2782 209 2865; x_wconf 81' lang='grc' dir='ltr'><strong><em>βόλον</em></strong></span> <span class='ocrx_word' id='word_1_204' title='bbox 229 2778 296 2865; x_wconf 86' lang='grc' dir='ltr'><strong><em>εἶχε</em></strong></span> <span class='ocrx_word' id='word_1_205' title='bbox 325 2781 380 2848; x_wconf 90' lang='grc' dir='ltr'><strong>τόν</strong></span> <span class='ocrx_word' id='word_1_206' title='bbox 401 2778 492 2847; x_wconf 80' lang='grc' dir='ltr'><strong><em>ἔνδον</em></strong></span> <span class='ocrx_word' id='word_1_207' title='bbox 515 2773 711 2867; x_wconf 82' lang='grc' dir='ltr'><strong><em>ἀνθρωττοι,</em></strong></span> <span class='ocrx_word' id='word_1_208' title='bbox 734 2784 790 2847; x_wconf 86' lang='grc' dir='ltr'><strong>καί</strong></span> <span class='ocrx_word' id='word_1_209' title='bbox 811 2782 897 2847; x_wconf 86' lang='grc' dir='ltr'><strong><em>κότον</em></strong></span> <span class='ocrx_word' id='word_1_210' title='bbox 918 2778 1033 2868; x_wconf 77' lang='grc' dir='ltr'><strong><em>ἔτρεφε</em></strong></span> <span class='ocrx_word' id='word_1_211' title='bbox 1057 2780 1134 2849; x_wconf 89' lang='grc' dir='ltr'><strong>κατά</strong></span> <span class='ocrx_word' id='word_1_212' title='bbox 1158 2784 1217 2848; x_wconf 73' lang='grc' dir='ltr'><strong><em>τοῦ</em></strong></span> 
     </span>
    </p>
   </div>
   <div class='ocr_carea' id='block_1_3' title="bbox 80 3079 1343 4221">
    <p class='ocr_par' dir='ltr' id='par_1_7' title="bbox 108 3079 1343 4078">
     <span class='ocr_line' id='line_1_25' title="bbox 112 3079 1214 3151; baseline -0.002 -17"><span class='ocrx_word' id='word_1_213' title='bbox 112 3082 191 3151; x_wconf 89' lang='lat' dir='ltr'><strong>pueri</strong></span> <span class='ocrx_word' id='word_1_214' title='bbox 210 3080 295 3133; x_wconf 87' lang='lat' dir='ltr'><strong>udhue</strong></span> <span class='ocrx_word' id='word_1_215' title='bbox 317 3082 419 3145; x_wconf 78' lang='lat' dir='ltr'><strong>instar,</strong></span> <span class='ocrx_word' id='word_1_216' title='bbox 443 3080 476 3131; x_wconf 85' lang='lat' dir='ltr'><strong>nb</strong></span> <span class='ocrx_word' id='word_1_217' title='bbox 495 3080 561 3131; x_wconf 90' lang='lat' dir='ltr'><strong>urbe</strong></span> <span class='ocrx_word' id='word_1_218' title='bbox 590 3088 616 3132; x_wconf 89' lang='lat' dir='ltr'><strong>et</strong></span> <span class='ocrx_word' id='word_1_219' title='bbox 640 3081 717 3148; x_wconf 79' lang='lat' dir='ltr'><strong>regin</strong></span> <span class='ocrx_word' id='word_1_220' title='bbox 735 3095 784 3147; x_wconf 90' lang='lat' dir='ltr'><strong>per</strong></span> <span class='ocrx_word' id='word_1_221' title='bbox 811 3087 951 3147; x_wconf 80' lang='lat' dir='ltr'><strong>cognatum</strong></span> <span class='ocrx_word' id='word_1_222' title='bbox 970 3079 1168 3145; x_wconf 79' lang='lat' dir='ltr'><strong>removebatur,</strong></span> <span class='ocrx_word' id='word_1_223' title='bbox 1188 3088 1214 3132; x_wconf 90' lang='lat' dir='ltr'><strong>ct</strong></span> 
     </span>
     <span class='ocr_line' id='line_1_26' title="bbox 112 3147 1213 3217; baseline -0.005 -10"><span class='ocrx_word' id='word_1_224' title='bbox 112 3156 237 3207; x_wconf 82' lang='lat' dir='ltr'><strong>edmero</strong></span> <span class='ocrx_word' id='word_1_225' title='bbox 256 3147 402 3203; x_wconf 73' lang='lat' dir='ltr'><strong>ducebatur</strong></span> <span class='ocrx_word' id='word_1_226' title='bbox 423 3152 573 3204; x_wconf 80' lang='lat' dir='ltr'><strong>aduersum.</strong></span> <span class='ocrx_word' id='word_1_227' title='bbox 615 3151 770 3203; x_wconf 82' lang='lat' dir='ltr'><strong>Botnnintes</strong></span> <span class='ocrx_word' id='word_1_228' title='bbox 800 3158 887 3202; x_wconf 83' lang='lat' dir='ltr'><strong>nutem</strong></span> <span class='ocrx_word' id='word_1_229' title='bbox 912 3152 994 3217; x_wconf 84' lang='lat' dir='ltr'><strong>putris</strong></span> <span class='ocrx_word' id='word_1_230' title='bbox 1014 3152 1041 3201; x_wconf 91' lang='lat' dir='ltr'><strong>in</strong></span> <span class='ocrx_word' id='word_1_231' title='bbox 1062 3166 1120 3202; x_wconf 90' lang='lat' dir='ltr'><strong>cum</strong></span> <span class='ocrx_word' id='word_1_232' title='bbox 1140 3152 1213 3209; x_wconf 87' lang='lat' dir='ltr'><strong>inte.</strong></span> 
     </span>
     <span class='ocr_line' id='line_1_27' title="bbox 111 3222 1215 3291; baseline -0.004 -13"><span class='ocrx_word' id='word_1_233' title='bbox 111 3228 184 3279; x_wconf 80' lang='lat' dir='ltr'><strong>stine</strong></span> <span class='ocrx_word' id='word_1_234' title='bbox 206 3233 233 3275; x_wconf 89' lang='lat' dir='ltr'><strong>et</strong></span> <span class='ocrx_word' id='word_1_235' title='bbox 257 3225 436 3275; x_wconf 89' lang='lat' dir='ltr'><strong>conditionem</strong></span> <span class='ocrx_word' id='word_1_236' title='bbox 463 3224 604 3275; x_wconf 88' lang='lat' dir='ltr'><strong>ostendens</strong></span> <span class='ocrx_word' id='word_1_237' title='bbox 630 3224 709 3274; x_wconf 87' lang='lat' dir='ltr'><strong>etium</strong></span> <span class='ocrx_word' id='word_1_238' title='bbox 729 3225 798 3273; x_wconf 82' lang='lat' dir='ltr'><strong>intra</strong></span> <span class='ocrx_word' id='word_1_239' title='bbox 819 3224 919 3291; x_wconf 78' lang='lat' dir='ltr'><strong>regiam</strong></span> <span class='ocrx_word' id='word_1_240' title='bbox 940 3238 998 3273; x_wconf 90' lang='lat' dir='ltr'><strong>eum</strong></span> <span class='ocrx_word' id='word_1_241' title='bbox 1019 3222 1168 3289; x_wconf 79' lang='lat' dir='ltr'><strong>recipiebat</strong></span> <span class='ocrx_word' id='word_1_242' title='bbox 1188 3230 1215 3274; x_wconf 85' lang='lat' dir='ltr'><strong>et</strong></span> 
     </span>
     <span class='ocr_line' id='line_1_28' title="bbox 112 3294 1214 3372; baseline -0.005 -23"><span class='ocrx_word' id='word_1_243' title='bbox 112 3298 256 3349; x_wconf 76' lang='lat' dir='ltr'><strong>convivam</strong></span> <span class='ocrx_word' id='word_1_244' title='bbox 274 3295 414 3359; x_wconf 82' lang='lat' dir='ltr'><strong>reddebat,</strong></span> <span class='ocrx_word' id='word_1_245' title='bbox 440 3303 520 3363; x_wconf 83' lang='lat' dir='ltr'><strong>etque</strong></span> <span class='ocrx_word' id='word_1_246' title='bbox 537 3295 665 3347; x_wconf 82' lang='lat' dir='ltr'><strong>invidiam</strong></span> <span class='ocrx_word' id='word_1_247' title='bbox 688 3296 721 3346; x_wconf 85' lang='lat' dir='ltr'><strong>dc</strong></span> <span class='ocrx_word' id='word_1_248' title='bbox 748 3310 780 3345; x_wconf 88' lang='lat' dir='ltr'><strong>eo</strong></span> <span class='ocrx_word' id='word_1_249' title='bbox 806 3294 850 3345; x_wconf 87' lang='lat' dir='ltr'><strong>vel</strong></span> <span class='ocrx_word' id='word_1_250' title='bbox 870 3296 1049 3361; x_wconf 79' lang='lat' dir='ltr'><strong>suspicionem</strong></span> <span class='ocrx_word' id='word_1_251' title='bbox 1070 3296 1214 3372; x_wconf 82' lang='lat' dir='ltr'><strong>concipere</strong></span> 
     </span>
     <span class='ocr_line' id='line_1_29' title="bbox 110 3360 1214 3435; baseline -0.004 -15"><span class='ocrx_word' id='word_1_252' title='bbox 110 3367 237 3421; x_wconf 78' lang='lat' dir='ltr'><strong>nolebat.</strong></span> <span class='ocrx_word' id='word_1_253' title='bbox 265 3367 433 3435; x_wconf 81' lang='lat' dir='ltr'><strong>quamobrem</strong></span> <span class='ocrx_word' id='word_1_254' title='bbox 460 3367 538 3418; x_wconf 85' lang='lat' dir='ltr'><strong>etium</strong></span> <span class='ocrx_word' id='word_1_255' title='bbox 563 3382 649 3417; x_wconf 84' lang='lat' dir='ltr'><strong>rernm</strong></span> <span class='ocrx_word' id='word_1_256' title='bbox 677 3374 704 3416; x_wconf 90' lang='lat' dir='ltr'><strong>et</strong></span> <span class='ocrx_word' id='word_1_257' title='bbox 728 3366 947 3433; x_wconf 86' lang='lat' dir='ltr'><strong>possessionum,</strong></span> <span class='ocrx_word' id='word_1_258' title='bbox 974 3380 1042 3433; x_wconf 82' lang='lat' dir='ltr'><strong>quac</strong></span> <span class='ocrx_word' id='word_1_259' title='bbox 1068 3360 1093 3415; x_wconf 90' lang='lat' dir='ltr'><strong>ei</strong></span> <span class='ocrx_word' id='word_1_260' title='bbox 1113 3373 1214 3430; x_wconf 85' lang='lat' dir='ltr'><strong>essent,</strong></span> 
     </span>
     <span class='ocr_line' id='line_1_30' title="bbox 111 3437 1214 3521; baseline -0.003 -30"><span class='ocrx_word' id='word_1_261' title='bbox 111 3438 213 3491; x_wconf 85' lang='lat' dir='ltr'><strong>nnllnm</strong></span> <span class='ocrx_word' id='word_1_262' title='bbox 234 3439 442 3490; x_wconf 80' lang='lat' dir='ltr'><strong>deminutionem</strong></span> <span class='ocrx_word' id='word_1_263' title='bbox 461 3439 535 3490; x_wconf 86' lang='lat' dir='ltr'><strong>iecit.</strong></span> <span class='ocrx_word' id='word_1_264' title='bbox 572 3437 634 3495; x_wconf 82' lang='lat' dir='ltr'><strong>tulis</strong></span> <span class='ocrx_word' id='word_1_265' title='bbox 655 3446 711 3489; x_wconf 83' lang='lat' dir='ltr'><strong>erat</strong></span> <span class='ocrx_word' id='word_1_266' title='bbox 735 3438 904 3501; x_wconf 79' lang='lat' dir='ltr'><strong>Botunietes‚</strong></span> <span class='ocrx_word' id='word_1_267' title='bbox 925 3438 1012 3487; x_wconf 80' lang='lat' dir='ltr'><strong>animo</strong></span> <span class='ocrx_word' id='word_1_268' title='bbox 1034 3451 1114 3502; x_wconf 89' lang='lat' dir='ltr'><strong>purus</strong></span> <span class='ocrx_word' id='word_1_269' title='bbox 1124 3451 1214 3521; x_wconf 37' lang='lat' dir='ltr'><strong>&#39;supra</strong></span> 
     </span>
     <span class='ocr_line' id='line_1_31' title="bbox 110 3508 1213 3578; baseline -0.003 -15"><span class='ocrx_word' id='word_1_270' title='bbox 110 3510 198 3563; x_wconf 86' lang='lat' dir='ltr'><strong>solem</strong></span> <span class='ocrx_word' id='word_1_271' title='bbox 218 3518 245 3561; x_wconf 90' lang='lat' dir='ltr'><strong>et</strong></span> <span class='ocrx_word' id='word_1_272' title='bbox 262 3512 399 3578; x_wconf 83' lang='lat' dir='ltr'><strong>ingenium</strong></span> <span class='ocrx_word' id='word_1_273' title='bbox 428 3509 492 3561; x_wconf 82' lang='lat' dir='ltr'><strong>mali</strong></span> <span class='ocrx_word' id='word_1_274' title='bbox 518 3525 614 3576; x_wconf 80' lang='lat' dir='ltr'><strong>expers</strong></span> <span class='ocrx_word' id='word_1_275' title='bbox 638 3509 737 3561; x_wconf 83' lang='lat' dir='ltr'><strong>hebens</strong></span> <span class='ocrx_word' id='word_1_276' title='bbox 765 3518 791 3560; x_wconf 91' lang='lat' dir='ltr'><strong>et</strong></span> <span class='ocrx_word' id='word_1_277' title='bbox 817 3510 887 3560; x_wconf 93' lang='lat' dir='ltr'><strong>omni</strong></span> <span class='ocrx_word' id='word_1_278' title='bbox 915 3508 1028 3559; x_wconf 84' lang='lat' dir='ltr'><strong>liberum</strong></span> <span class='ocrx_word' id='word_1_279' title='bbox 1058 3509 1213 3573; x_wconf 84' lang='lat' dir='ltr'><strong>suspicione</strong></span> 
     </span>
     <span class='ocr_line' id='line_1_32' title="bbox 112 3580 1214 3650; baseline -0.002 -16"><span class='ocrx_word' id='word_1_280' title='bbox 112 3582 188 3634; x_wconf 85' lang='lat' dir='ltr'><strong>dira:</strong></span> <span class='ocrx_word' id='word_1_281' title='bbox 209 3580 319 3634; x_wconf 80' lang='lat' dir='ltr'><strong>sedvel</strong></span> <span class='ocrx_word' id='word_1_282' title='bbox 335 3582 384 3645; x_wconf 88' lang='lat' dir='ltr'><strong>sic,</strong></span> <span class='ocrx_word' id='word_1_283' title='bbox 405 3582 457 3632; x_wconf 90' lang='lat' dir='ltr'><strong>nisi</strong></span> <span class='ocrx_word' id='word_1_284' title='bbox 477 3583 603 3650; x_wconf 82' lang='lat' dir='ltr'><strong>quaedum</strong></span> <span class='ocrx_word' id='word_1_285' title='bbox 615 3590 669 3633; x_wconf 89' lang='lat' dir='ltr'><strong>non</strong></span> <span class='ocrx_word' id='word_1_286' title='bbox 688 3582 875 3649; x_wconf 82' lang='lat' dir='ltr'><strong>investigando</strong></span> <span class='ocrx_word' id='word_1_287' title='bbox 891 3581 976 3649; x_wconf 81' lang='lat' dir='ltr'><strong>gretie</strong></span> <span class='ocrx_word' id='word_1_288' title='bbox 996 3580 1214 3645; x_wconf 71' lang='lat' dir='ltr'><strong>circumdedisset</strong></span> 
     </span>
     <span class='ocr_line' id='line_1_33' title="bbox 112 3651 1274 3718; baseline -0.002 -13"><span class='ocrx_word' id='word_1_289' title='bbox 112 3670 182 3718; x_wconf 90' lang='lat' dir='ltr'><strong>enm,</strong></span> <span class='ocrx_word' id='word_1_290' title='bbox 209 3669 263 3705; x_wconf 93' lang='lat' dir='ltr'><strong>non</strong></span> <span class='ocrx_word' id='word_1_291' title='bbox 286 3654 434 3705; x_wconf 81' lang='lat' dir='ltr'><strong>adtentum</strong></span> <span class='ocrx_word' id='word_1_292' title='bbox 461 3655 669 3705; x_wconf 81' lang='lat' dir='ltr'><strong>misericordiam</strong></span> <span class='ocrx_word' id='word_1_293' title='bbox 690 3655 826 3717; x_wconf 88' lang='lat' dir='ltr'><strong>venisset,</strong></span> <span class='ocrx_word' id='word_1_294' title='bbox 845 3652 974 3703; x_wconf 83' lang='lat' dir='ltr'><strong>nt¹etinm</strong></span> <span class='ocrx_word' id='word_1_295' title='bbox 988 3651 1144 3703; x_wconf 80' lang='lat' dir='ltr'><strong>manifestus</strong></span> <span class='ocrx_word' id='word_1_296' title='bbox 1163 3652 1212 3703; x_wconf 79' lang='lat' dir='ltr'><strong>ed·</strong></span> <span class='ocrx_word' id='word_1_297' title='bbox 1270 3660 1274 3665; x_wconf 84' lang='grc'><strong>’</strong></span> 
     </span>
     <span class='ocr_line' id='line_1_34' title="bbox 110 3723 1212 3793; baseline -0.002 -16"><span class='ocrx_word' id='word_1_298' title='bbox 110 3726 247 3777; x_wconf 75' lang='lat' dir='ltr'><strong>versutius</strong></span> <span class='ocrx_word' id='word_1_299' title='bbox 263 3733 290 3775; x_wconf 89' lang='lat' dir='ltr'><strong>et</strong></span> <span class='ocrx_word' id='word_1_300' title='bbox 310 3724 394 3776; x_wconf 85' lang='lat' dir='ltr'><strong>hostis</strong></span> <span class='ocrx_word' id='word_1_301' title='bbox 413 3727 501 3793; x_wconf 91' lang='lat' dir='ltr'><strong>etqui</strong></span> <span class='ocrx_word' id='word_1_302' title='bbox 520 3725 707 3793; x_wconf 83' lang='lat' dir='ltr'><strong>quasiflorem</strong></span> <span class='ocrx_word' id='word_1_303' title='bbox 725 3723 873 3777; x_wconf 86' lang='lat' dir='ltr'><strong>inventutis</strong></span> <span class='ocrx_word' id='word_1_304' title='bbox 891 3724 1057 3776; x_wconf 77' lang='lat' dir='ltr'><strong>escendisset</strong></span> <span class='ocrx_word' id='word_1_305' title='bbox 1076 3732 1102 3775; x_wconf 89' lang='lat' dir='ltr'><strong>et</strong></span> <span class='ocrx_word' id='word_1_306' title='bbox 1121 3726 1212 3790; x_wconf 83' lang='lat' dir='ltr'><strong>inepte</strong></span> 
     </span>
     <span class='ocr_line' id='line_1_35' title="bbox 108 3795 1212 3865; baseline -0.002 -18"><span class='ocrx_word' id='word_1_307' title='bbox 108 3796 226 3865; x_wconf 71' lang='lat' dir='ltr'><strong>consiliu</strong></span> <span class='ocrx_word' id='word_1_308' title='bbox 238 3804 264 3847; x_wconf 90' lang='lat' dir='ltr'><strong>et</strong></span> <span class='ocrx_word' id='word_1_309' title='bbox 279 3804 416 3863; x_wconf 81' lang='lat' dir='ltr'><strong>reputaret</strong></span> <span class='ocrx_word' id='word_1_310' title='bbox 427 3812 501 3848; x_wconf 85' lang='lat' dir='ltr'><strong>suam</strong></span> <span class='ocrx_word' id='word_1_311' title='bbox 513 3812 577 3863; x_wconf 85' lang='lat' dir='ltr'><strong>prne</strong></span> <span class='ocrx_word' id='word_1_312' title='bbox 590 3795 720 3847; x_wconf 75' lang='lat' dir='ltr'><strong>felicitate</strong></span> <span class='ocrx_word' id='word_1_313' title='bbox 732 3796 818 3863; x_wconf 82' lang='lat' dir='ltr'><strong>regui,</strong></span> <span class='ocrx_word' id='word_1_314' title='bbox 836 3802 863 3846; x_wconf 85' lang='lat' dir='ltr'><strong>et</strong></span> <span class='ocrx_word' id='word_1_315' title='bbox 875 3803 985 3847; x_wconf 83' lang='lat' dir='ltr'><strong>necator</strong></span> <span class='ocrx_word' id='word_1_316' title='bbox 1000 3796 1109 3862; x_wconf 81' lang='lat' dir='ltr'><strong>generis</strong></span> <span class='ocrx_word' id='word_1_317' title='bbox 1120 3810 1212 3847; x_wconf 87' lang='lat' dir='ltr'><strong>eornm</strong></span> 
     </span>
     <span class='ocr_line' id='line_1_36' title="bbox 111 3865 1211 3933; baseline -0.004 -14"><span class='ocrx_word' id='word_1_318' title='bbox 111 3867 302 3919; x_wconf 82' lang='lat' dir='ltr'><strong>conciliaretur</strong></span> <span class='ocrx_word' id='word_1_319' title='bbox 317 3875 344 3919; x_wconf 86' lang='lat' dir='ltr'><strong>et</strong></span> <span class='ocrx_word' id='word_1_320' title='bbox 356 3868 523 3919; x_wconf 76' lang='lat' dir='ltr'><strong>occasionem</strong></span> <span class='ocrx_word' id='word_1_321' title='bbox 540 3869 615 3919; x_wconf 84' lang='lat' dir='ltr'><strong>deret</strong></span> <span class='ocrx_word' id='word_1_322' title='bbox 625 3867 804 3918; x_wconf 80' lang='lat' dir='ltr'><strong>conveniendi</strong></span> <span class='ocrx_word' id='word_1_323' title='bbox 817 3874 843 3916; x_wconf 91' lang='lat' dir='ltr'><strong>et</strong></span> <span class='ocrx_word' id='word_1_324' title='bbox 857 3867 1017 3919; x_wconf 82' lang='lat' dir='ltr'><strong>convivendi</strong></span> <span class='ocrx_word' id='word_1_325' title='bbox 1029 3874 1056 3918; x_wconf 89' lang='lat' dir='ltr'><strong>et</strong></span> <span class='ocrx_word' id='word_1_326' title='bbox 1067 3865 1211 3933; x_wconf 86' lang='lat' dir='ltr'><strong>colloque.</strong></span> 
     </span>
     <span class='ocr_line' id='line_1_37' title="bbox 109 3936 1343 4021; baseline -0.003 -30"><span class='ocrx_word' id='word_1_327' title='bbox 109 3948 186 3991; x_wconf 85' lang='lat' dir='ltr'><strong>retur</strong></span> <span class='ocrx_word' id='word_1_328' title='bbox 196 3954 254 3990; x_wconf 87' lang='lat' dir='ltr'><strong>eum</strong></span> <span class='ocrx_word' id='word_1_329' title='bbox 268 3954 301 3989; x_wconf 93' lang='lat' dir='ltr'><strong>eo</strong></span> <span class='ocrx_word' id='word_1_330' title='bbox 315 3946 342 3989; x_wconf 89' lang='lat' dir='ltr'><strong>et</strong></span> <span class='ocrx_word' id='word_1_331' title='bbox 352 3952 445 4007; x_wconf 83' lang='lat' dir='ltr'><strong>regiae</strong></span> <span class='ocrx_word' id='word_1_332' title='bbox 459 3940 676 4021; x_wconf 82' lang='lat' dir='ltr'><strong>coniungeretnr.</strong></span> <span class='ocrx_word' id='word_1_333' title='bbox 687 3936 736 3987; x_wconf 87' lang='lat' dir='ltr'><strong>rlle</strong></span> <span class='ocrx_word' id='word_1_334' title='bbox 746 3944 832 3987; x_wconf 84' lang='lat' dir='ltr'><strong>nutem</strong></span> <span class='ocrx_word' id='word_1_335' title='bbox 846 3952 918 4005; x_wconf 78' lang='lat' dir='ltr'><strong>regis</strong></span> <span class='ocrx_word' id='word_1_336' title='bbox 929 3937 1142 3988; x_wconf 76' lang='lat' dir='ltr'><strong>beneficientiam</strong></span> <span class='ocrx_word' id='word_1_337' title='bbox 1152 3952 1212 3988; x_wconf 82' lang='lat' dir='ltr'><strong>mn·</strong></span> <span class='ocrx_word' id='word_1_338' title='bbox 1239 3975 1253 3991; x_wconf 77' lang='grc'><strong>,,</strong></span> <span class='ocrx_word' id='word_1_339' title='bbox 1342 3990 1343 3997; x_wconf 30' lang='grc'><strong><em>,</em></strong></span> 
     </span>
     <span class='ocr_line' id='line_1_38' title="bbox 109 4007 1211 4078; baseline -0.004 -16"><span class='ocrx_word' id='word_1_340' title='bbox 109 4010 229 4062; x_wconf 88' lang='lat' dir='ltr'><strong>leficinm</strong></span> <span class='ocrx_word' id='word_1_341' title='bbox 249 4025 282 4061; x_wconf 85' lang='lat' dir='ltr'><strong>ex</strong></span> <span class='ocrx_word' id='word_1_342' title='bbox 309 4012 413 4078; x_wconf 78' lang='lat' dir='ltr'><strong>ingrato</strong></span> <span class='ocrx_word' id='word_1_343' title='bbox 439 4010 526 4059; x_wconf 81' lang='lat' dir='ltr'><strong>animo</strong></span> <span class='ocrx_word' id='word_1_344' title='bbox 546 4017 660 4075; x_wconf 85' lang='lat' dir='ltr'><strong>putens,</strong></span> <span class='ocrx_word' id='word_1_345' title='bbox 688 4023 778 4076; x_wconf 84' lang='lat' dir='ltr'><strong>neque</strong></span> <span class='ocrx_word' id='word_1_346' title='bbox 806 4007 1027 4070; x_wconf 79' lang='lat' dir='ltr'><strong>animadvertens,</strong></span> <span class='ocrx_word' id='word_1_347' title='bbox 1055 4020 1130 4072; x_wconf 87' lang='lat' dir='ltr'><strong>enm,</strong></span> <span class='ocrx_word' id='word_1_348' title='bbox 1152 4024 1211 4059; x_wconf 91' lang='lat' dir='ltr'><strong>cum</strong></span> 
     </span>
    </p>

    <p class='ocr_par' dir='ltr' id='par_1_8' title="bbox 80 4077 1211 4221">
     <span class='ocr_line' id='line_1_39' title="bbox 80 4077 1211 4149; baseline -0.004 -15"><span class='ocrx_word' id='word_1_349' title='bbox 80 4109 83 4112; x_wconf 95' lang='lat'><em>·</em></span> <span class='ocrx_word' id='word_1_350' title='bbox 110 4082 210 4134; x_wconf 86' lang='lat' dir='ltr'><strong>liceret</strong></span> <span class='ocrx_word' id='word_1_351' title='bbox 226 4081 286 4149; x_wconf 75' lang='lat' dir='ltr'><strong>regi</strong></span> <span class='ocrx_word' id='word_1_352' title='bbox 305 4088 333 4131; x_wconf 89' lang='lat' dir='ltr'><strong>et</strong></span> <span class='ocrx_word' id='word_1_353' title='bbox 351 4080 466 4132; x_wconf 87' lang='lat' dir='ltr'><strong>debitum</strong></span> <span class='ocrx_word' id='word_1_354' title='bbox 487 4089 558 4133; x_wconf 81' lang='lat' dir='ltr'><strong>esset</strong></span> <span class='ocrx_word' id='word_1_355' title='bbox 576 4080 683 4131; x_wconf 91' lang='lat' dir='ltr'><strong>omnino</strong></span> <span class='ocrx_word' id='word_1_356' title='bbox 706 4079 824 4130; x_wconf 80' lang='lat' dir='ltr'><strong>funditus</strong></span> <span class='ocrx_word' id='word_1_357' title='bbox 849 4078 962 4145; x_wconf 82' lang='lat' dir='ltr'><strong>perdere</strong></span> <span class='ocrx_word' id='word_1_358' title='bbox 982 4093 1041 4129; x_wconf 90' lang='lat' dir='ltr'><strong>cum</strong></span> <span class='ocrx_word' id='word_1_359' title='bbox 1060 4086 1089 4130; x_wconf 90' lang='lat' dir='ltr'><strong>nt</strong></span> <span class='ocrx_word' id='word_1_360' title='bbox 1108 4077 1211 4131; x_wconf 86' lang='lat' dir='ltr'><strong>hostem</strong></span> 
     </span>
     <span class='ocr_line' id='line_1_40' title="bbox 113 4149 1210 4221; baseline -0.003 -16"><span class='ocrx_word' id='word_1_361' title='bbox 113 4162 141 4205; x_wconf 89' lang='lat' dir='ltr'><strong>et</strong></span> <span class='ocrx_word' id='word_1_362' title='bbox 154 4153 351 4217; x_wconf 78' lang='lat' dir='ltr'><strong>adversarium,</strong></span> <span class='ocrx_word' id='word_1_363' title='bbox 369 4150 438 4203; x_wconf 89' lang='lat' dir='ltr'><strong>nihil</strong></span> <span class='ocrx_word' id='word_1_364' title='bbox 458 4150 513 4203; x_wconf 85' lang='lat' dir='ltr'><strong>tnlc</strong></span> <span class='ocrx_word' id='word_1_365' title='bbox 532 4154 667 4221; x_wconf 75' lang='lat' dir='ltr'><strong>cogitasse</strong></span> <span class='ocrx_word' id='word_1_366' title='bbox 686 4159 714 4203; x_wconf 87' lang='lat' dir='ltr'><strong>et</strong></span> <span class='ocrx_word' id='word_1_367' title='bbox 731 4149 842 4201; x_wconf 80' lang='lat' dir='ltr'><strong>liberem</strong></span> <span class='ocrx_word' id='word_1_368' title='bbox 870 4150 895 4201; x_wconf 91' lang='lat' dir='ltr'><strong>ei</strong></span> <span class='ocrx_word' id='word_1_369' title='bbox 915 4150 994 4202; x_wconf 83' lang='lat' dir='ltr'><strong>vitem</strong></span> <span class='ocrx_word' id='word_1_370' title='bbox 1015 4157 1043 4201; x_wconf 86' lang='lat' dir='ltr'><strong>et</strong></span> <span class='ocrx_word' id='word_1_371' title='bbox 1059 4164 1210 4203; x_wconf 79' lang='lat' dir='ltr'><strong>commore-</strong></span> 
     </span>
    </p>
   </div>
   <div class='ocr_carea' id='block_1_4' title="bbox 109 4222 1209 4381">
    <p class='ocr_par' dir='ltr' id='par_1_9' title="bbox 109 4222 1209 4381">
     <span class='ocr_line' id='line_1_41' title="bbox 109 4222 1209 4291; baseline -0.005 -11"><span class='ocrx_word' id='word_1_372' title='bbox 109 4227 213 4279; x_wconf 86' lang='lat' dir='ltr'><strong>tionem</strong></span> <span class='ocrx_word' id='word_1_373' title='bbox 230 4224 336 4278; x_wconf 66' lang='lat' dir='ltr'><strong>loentum</strong></span> <span class='ocrx_word' id='word_1_374' title='bbox 355 4232 383 4276; x_wconf 89' lang='lat' dir='ltr'><strong>et</strong></span> <span class='ocrx_word' id='word_1_375' title='bbox 400 4223 525 4288; x_wconf 79' lang='lat' dir='ltr'><strong>divitem,</strong></span> <span class='ocrx_word' id='word_1_376' title='bbox 543 4231 574 4276; x_wconf 84' lang='lat' dir='ltr'><strong>nt</strong></span> <span class='ocrx_word' id='word_1_377' title='bbox 591 4232 669 4279; x_wconf 74' lang='lat' dir='ltr'><strong>entes</strong></span> <span class='ocrx_word' id='word_1_378' title='bbox 678 4258 687 4289; x_wconf 91' lang='lat'>,</span> <span class='ocrx_word' id='word_1_379' title='bbox 704 4222 861 4291; x_wconf 83' lang='lat' dir='ltr'><strong>reliquisse,</strong></span> <span class='ocrx_word' id='word_1_380' title='bbox 879 4236 985 4277; x_wconf 81' lang='lat' dir='ltr'><strong>veneno</strong></span> <span class='ocrx_word' id='word_1_381' title='bbox 1003 4222 1141 4289; x_wconf 81' lang='lat' dir='ltr'><strong>periurum</strong></span> <span class='ocrx_word' id='word_1_382' title='bbox 1158 4222 1209 4275; x_wconf 82' lang='lat' dir='ltr'><strong>hs-</strong></span> 
     </span>
     <span class='ocr_line' id='line_1_42' title="bbox 166 4317 1020 4381; baseline -0.008 -2"><span class='ocrx_word' id='word_1_383' title='bbox 166 4320 249 4379; x_wconf 65' lang='lat' dir='ltr'><strong>utet</strong></span> <span class='ocrx_word' id='word_1_384' title='bbox 267 4321 350 4379; x_wconf 73' lang='lat' dir='ltr'><strong>Aust</strong></span> <span class='ocrx_word' id='word_1_385' title='bbox 367 4318 435 4376; x_wconf 77' lang='lat' dir='ltr'><strong>llos</strong></span> <span class='ocrx_word' id='word_1_386' title='bbox 986 4317 1020 4381; x_wconf 73' lang='grc' dir='ltr'><strong>λθ</strong></span> 
     </span>
    </p>
   </div>
   <div class='ocr_carea' id='block_1_5' title="bbox 0 0 1488 4825">
    <p class='ocr_par' dir='ltr' id='par_1_10' title="bbox 0 0 1488 4825">
     <span class='ocr_line' id='line_1_43' title="bbox 0 0 1488 4825; baseline 0 4"><span class='ocrx_word' id='word_1_387' title='bbox 0 0 1488 4825; x_wconf 95' lang='lat' dir='ltr'><strong> </strong></span> 
     </span>
    </p>
   </div>
  </div>
 </body>
</html>
