2967 4825
578 277 787 348 ιιατσιιιλ.
835 370 839 378 .
1164 272 1240 352 ιου

133 443 268 511 κατόπιν
291 443 435 510 έλαένων
463 446 502 509 οδ
521 450 674 530 προέθετο
696 454 854 533 συμμῖξαι
882 458 945 529 τοῖς
965 444 1234 535 προαποσταλτῖσν

133 550 190 611 καί
212 549 257 633 τῷ
279 548 385 611 Χλιλιτ
405 552 615 630 προσβαλεῖν·
664 550 731 614 ἀλλ’
755 552 882 637 έπείπερ
907 551 994 639 έφθη
1016 555 1096 620 κατὰ
1118 551 1151 619 τὸ
1173 579 1236 619 πα.

131 643 252 732 perata
273 642 342 722 ἔτος
361 643 586 730 χειρώσασθαι
604 648 786 736 Ῥωμαϊκήν
799 654 899 719 πόλιν
922 657 1122 740 Μανζικίερτ
1144 662 1235 739 λεγο-

29 807 35 814 .
130 752 229 832 μένην
265 746 282 810 ὅ
313 752 376 811 τοῖν
407 751 547 832 Περσων
580 750 720 836 ιίρχηγός
753 732 941 837 (contraires
973 748 1037 819 οἶδε
1072 758 1183 821 τοῦτον
1215 752 1235 838 ἦ

101 847 260 914 δέκείνων
274 854 388 918 ,καλεῖν
411 847 544 937 φωνή),
568 849 623 915 καί
643 852 787 938 φύλακας
818 857 1052 940 ἐγκαταστῆσαι
1076 850 1234 939 Τουρκυυς

129 948 264 1027 ίκανοδς
284 948 365 1033 μετὰ
383 953 444 1013 καί
463 955 661 1049 ᾼιλιμιταῖν,
680 956 792 1038 διέγνω
811 955 921 1021 λοιπὸν
943 944 960 1020 δ
980 954 1130 1036 βασιλεὺς
1152 955 1242 1038 πρό-,

129 1073 224 1135 τερον
243 1053 289 1127 είς
318 1050 352 1117 sd
386 1044 464 1116 ἄστυ
484 1053 576 1118 τοῦτο
604 1060 806 1139 παραβαλεῖν
835 1059 889 1121 καί
911 1057 1158 1142 έναρρέσασθαι
1181 1057 1236 1122 καί

127 1157 169 1241 τῇ
187 1156 356 1234 Ῥωμαίων
382 1153 656 1248 ἀποκαταστῆσαι,
681 1159 736 1220 καί
758 1154 841 1222 οδτω
871 1167 936 1233 τοῖς
961 1161 1135 1241 οίλλοτρίοις
1155 1180 1234 1241 πρυ-

129 1258 323 1337 σεπιβαλεῖν,
345 1245 413 1336 ἦτοι
433 1255 476 1340 τῷ
486 1252 599 1334 Χλίατ,
617 1252 661 1339 μη
686 1252 721 1319 ἐκ
741 1260 859 1321 πολλοῦ
878 1260 1070 1347 συγκειμένῳ
1095 1260 1138 1344 τῷ
1160 1259 1234 1321 δια-

74 1369 117 1424 10
129 1351 282 1437 στήματι.
325 1350 571 1452 καταφρονήσας
593 1348 651 1420 oria
672 1358 733 1422 τοῖν
764 1354 1113 1443 καστρσφυλακοέντωυ
1137 1362 1171 1424 έν
1190 1362 1234 1447 regi

129 1458 349 1540 Μαντζικίερτ
371 1458 529 1537 πολεμίων
548 1456 592 1536 ὥς
613 1462 676 1541 ου’χ
695 1455 812 1523 ἱκανῶν
835 1458 1012 1543 ὑποστῆναι
1034 1458 1091 1542 τὴν
1113 1459 1229 1531 τούτου

74 1640 79 1647 ¹
128 1555 260 1643 ἔφοδον,
284 1556 338 1621 καί
358 1551 469 1639 ἑτέραν
490 1566 608 1643 μοῖραν
630 1553 861 1641 ἇποτεμόμενος
883 1564 1035 1645 πλείστην,
1052 1562 1110 1623 τοῦ
1131 1585 1231 1645 στρα-
1281 1617 1284 1623 .

126 1662 205 1742 τοῦ,
236 1656 284 1724 ἑνί
316 1662 378 1724 rada
413 1656 576 1743 ἐπισήμων
603 1662 774 1744 ἐγχειρίζει
797 1658 859 1746 την
893 1665 1086 1745 στρατηγίαν
1119 1663 1231 1741 edred,

124 1758 245 1845 ’[ωσηφ
267 1760 432 1850 μαγίστριρ
452 1762 494 1849 agi
515 1760 733 1850 Τραχσνιοέτη,
757 1760 969 1844 προσεπιδοδς
985 1763 1072 1853 crispi
1090 1762 1146 1826 καί
1163 1770 1232 1828 στῖ-

72 1878 113 1931 15
126 1886 189 1949 poc
210 1864 313 1941 πεζῶν
333 1863 391 1926 υυίι
414 1862 700 1948 ου’καταφρένηέον.
733 1858 772 1949 ἦν
794 1865 830 1929 δὲ
849 1861 882 1929 τδ
905 1860 1231 1953 έγχειρισθὲνέκείνῳ

125 1962 354 2047 στρατιωτικὸν
383 1962 418 2028 τὸ
450 1960 589 2047 έκκριτὸν
621 1988 653 2027 τε
686 1968 741 2030 καί
773 1963 1039 2049 δυσμαχώτατον,
1071 1964 1129 2026 κα’ν
1161 1971 1246 2039 ταῖς·

124 2071 325 2146 συμπλοκαῖς
347 2068 403 2128 καί
425 2072 491 2142 τοῖς
510 2057 617 2140 ἄλλοις
638 2069 786 2148 πολέμοις
809 2068 1056 2151 προκινδυνεῦυυ
1078 2066 1132 2127 καί
1153 2086 1230 2149 προ.

123 2162 324 2249 μαχόμενον,
345 2166 401 2230 καί
420 2154 476 2241 ἐἰς
497 2170 618 2250 πλῆθος
642 2165 720 2230 πολύ
745 2169 881 2252 προέχον
907 2168 969 2230 τῶν
989 2165 1232 2252 δπσκρατηθέν-

123 2290 191 2333 των
210 2268 255 2354 τῷ
272 2271 407 2348 βασιλεῖ.
461 2265 516 2330 καί
545 2266 606 2352 γὰρ
636 2270 670 2332 έν
700 2276 770 2343 ταῖς
804 2268 1079 2352 προηγησαμέναις
1109 2263 1230 2349 μάχαις

69 2369 166 2438 wod
190 2368 326 2455 τοσαύτη
348 2371 496 2454 περιέστη
518 2377 584 2445 τοῖς
599 2368 770 2452 Ῥωμαίοις
805 2366 926 2453 ἀνάγκη
956 2366 1036 2449 μετυὶ
1056 2372 1114 2433 τοῦ
1134 2372 1228 2451 βασι-

126 2473 218 2555 λέως,
241 2465 321 2536 ὥστε
344 2471 398 2534 καί
419 2466 477 2553 τὴν
497 2469 596 2533 adron*
615 2477 741 2552 μοῖραν,
764 2469 798 2534 τὸ
819 2465 983 2553 λεγόμενον
996 2468 1145 2552 συνήθως
1167 2470 1227 2532 dt-

123 2570 260 2655 λυὶγιον,
290 2573 549 2636 διακινδυνεῦσαι
584 2574 639 2636 καί
674 2569 811 2650 πόλεμον
845 2568 1086 2653 ἀγωνίσασθαι·
1111 2615 1116 2622 ,
1144 2569 1225 2631 υίλλιιΙ

123 2667 397 2758 προαρπαζέντων
423 2669 481 2754 τὴν
501 2676 587 2757 νίκην
611 2674 672 2737 τῶν
692 2671 811 2735 λοιπῶν
843 2667 955 2751 έμενον
985 2665 1015 2733 ot
1036 2670 1078 2758 τῷ
1098 2672 1232 2751 βασιλεῖ

144 2959 157 2967 ἢ
199 2879 223 2928 1.
243 2879 401 2949 προσέθετο
418 2875 448 2931 G.
565 2877 608 2930 23.
628 2877 738 2932 λοιπῶν
759 2875 900 2948 α’λλαγῖιον
921 2875 1023 2950 ἔμενον
1042 2872 1073 2928 G.

123 3070 260 3126 commisit
283 3077 312 3120 ut
338 3070 546 3136 coniungeretur
571 3085 628 3120 cum
647 3077 727 3120 antea
751 3069 838 3120 missis
865 3074 892 3118 et
911 3065 1000 3119 Ghliat
1017 3066 1224 3132 aggrederetur:

123 3145 175 3197 sed
201 3142 325 3210 quoniam
352 3148 526 3192 antevenerat
551 3157 609 3191 eum
635 3143 780 3207 praeterito
807 3144 875 3190 anno
904 3137 1070 3190 subiiciendo
1097 3136 1224 3188 Graecam

123 3215 220 3267 urbem
239 3212 389 3266 Manaikert
406 3213 500 3263 dictam
520 3211 659 3265 Persarum
684 3214 736 3264 dua
756 3211 902 3280 (sultanum
928 3209 1005 3260 novit
1024 3208 1094 3258 hunc
1114 3207 1223 3258 illorum

125 3301 228 3338 vocare
247 3284 353 3352 lingna)
374 3293 401 3334 et
420 3285 543 3336 custodes
561 3284 721 3351 imponendo
741 3283 837 3334 Turcas
856 3282 1019 3334 sufficientes
1039 3295 1097 3330 cum
1115 3277 1224 3330 Dilimi.

124 3361 163 3410 tis
182 3372 299 3424 quoqne,
317 3356 409 3407 statuit
426 3357 478 3406 iam
496 3373 545 3406 rex
562 3365 640 3407 antea
659 3355 710 3405 hoc
729 3355 853 3421 oppidum
871 3353 976 3422 ingredi
995 3360 1021 3402 ct
1038 3365 1178 3411 revocare,
1198 3354 1225 3398 et

125 3430 291 3482 Graecorum
309 3428 420 3493 imperio
439 3429 595 3492 restituere,
616 3436 642 3478 et
668 3428 705 3479 ita
724 3425 812 3477 aliena
836 3425 964 3494 aggredi,
983 3424 1104 3474 nimirum
1125 3418 1222 3482 christ,

125 3500 201 3569 quod
218 3514 273 3551 non
299 3498 381 3567 longo
400 3499 508 3552 abesset
536 3501 632 3568 spatio.
677 3509 848 3550 contemnens
877 3498 958 3566 igitur
983 3496 1073 3547 hostes
1098 3495 1126 3543 in
1157 3489 1222 3541 urbe

125 3571 277 3626 Manaikert
296 3570 434 3622 castelium
452 3579 591 3624 servantes
611 3581 708 3624 utnon
727 3570 892 3623 sufficientes
911 3568 943 3620 ad
962 3567 1124 3620 subeundum
1144 3561 1222 3614 huius

111 3643 265 3710 impetum,
286 3649 314 3693 ct
331 3642 442 3710 alteram
466 3653 569 3711 partem
593 3644 752 3696 abscindens
775 3643 914 3693 maximam
943 3641 1085 3702 exercitus,
1104 3637 1151 3687 uni
1169 3650 1222 3686 no-

124 3715 223 3768 bilinm
246 3715 326 3766 tradit
351 3715 490 3782 imperium
519 3718 597 3780 eius,
616 3715 731 3782 losepho
760 3715 886 3782 magistro
905 3712 1106 3773 Trachaniotae‚
1125 3706 1222 3760 addens

126 3788 156 3840 ei
175 3788 253 3838 etiam
273 3800 368 3854 agmen
380 3787 496 3853 peditum
515 3802 570 3838 non
583 3789 769 3855 spernendum.
808 3793 864 3836 erat
882 3793 969 3835 autem
986 3783 1096 3834 traditus
1112 3778 1155 3830 illi
1174 3792 1224 3830 ex-

128 3860 229 3912 ercitus
258 3866 285 3910 et
315 3857 417 3910 clectus
443 3867 470 3910 et
494 3859 665 3928 impugabilis
689 3861 717 3909 in
745 3857 917 3910 conserendis
936 3854 1056 3906 manibus
1077 3860 1104 3904 ot
1126 3851 1223 3902 ceteris

61 3951 65 3957 ⁴
125 3931 210 3984 bellis
228 3932 340 3996 primum
359 3929 506 3996 periculum
527 3941 553 3981 ct
574 3940 707 3983 certamen
735 3930 894 3996 suscipiens,
915 3934 942 3977 et
955 3925 1122 3977 multitudine
1139 3920 1223 3990 ‘longe

109 4011 257 4069 ‘superans
277 4003 335 4068 regi
354 4001 499 4054 subiectos.
538 4005 635 4054 etenim
661 4003 690 4052 in
705 4002 858 4068 praeteritis
883 3999 980 4064 pugnis
999 4010 1052 4047 non
1073 4002 1146 4046 tanta
1168 4001 1224 4045 crat

127 4075 239 4128 Graccis
256 4076 404 4125 necessitas
424 4089 483 4123 cnm
503 4089 578 4141 rege,
596 4083 624 4125 ut
642 4075 720 4124 etiam
740 4073 797 4123 eius
816 4087 895 4139 pars,
915 4068 997 4136 vulgo
1017 4068 1080 4118 dicti
1101 4073 1222 4132 „mutan-

126 4155 201 4210 νειμ*
230 4144 377 4212 periculum
406 4143 508 4197 subiret
533 4155 560 4196 ct
585 4145 685 4197 bellum
703 4145 870 4208 decertaret,
896 4142 942 4194 sed
967 4136 1222 4207 praeoccupantibus

111 4219 269 4271 uictoriam
287 4219 385 4269 ceteris
406 4218 598 4284 „mutantibus“
625 4217 765 4269 manebant
783 4214 889 4268 ordines
916 4214 975 4280 regi
994 4210 1129 4264 coniuncti
1150 4213 1223 4258 extra
1261 4210 1265 4222 '
1318 4247 1322 4254 .
