2967 4825
565 247 790 315 trrsronm
1042 280 1046 285 ·
1185 244 1239 341 σε
1316 289 1320 293 ,

132 391 311 479 γασοὶμενος
336 400 520 491 προσθήκην
550 405 601 471 διὰ
623 408 743 473 τούτων
773 408 1020 526 α’καταμιίχητσν
1047 418 1236 502 προεξένησε

133 505 197 573 τοῖς
220 500 382 575 ἐναντίοις
427 504 460 566 έν
481 507 541 593 μιοῖ
562 505 624 589 γὰρ
643 502 790 631 πλήθους
811 508 893 574 κατὰ
919 512 1089 599 βασιλικήν
1109 516 1237 601 γνώμην

131 602 361 719 στρατιωτικοῦ
391 602 726 728 συναθροισθέντος’
711 612 766 675 επί
792 636 856 675 τιον
878 619 946 677 κατ’
966 613 1146 700 Μίβηριαν
1129 621 1237 737 ορίοιγ

130 698 416 787 συνταγματάρχην
447 708 602 882 ἐπίσημον
630 706 757 792 ἔχοντος
785 706 820 788 ὃς
853 716 1083 799 Atnnpe'trpc'
1067 716 1238 800 ετνινομα-

100 800 215 882 5ζετσ,
237 802 382 925 συμβολή
407 809 506 886 μεταξ
508 802 526 869 6
545 808 668 874 τούτων
690 810 743 875 καί
763 815 827 876 ταῖν
845 806 973 878 Οὔννοιν
993 817 1136 911 καρτεροὶ
1150 822 1238 903 γίντ

131 926 205 985 ναι,
234 905 410 989 καὶμέχρι
433 911 552 971 πολλοῦ
583 912 638 994 τῆς
666 913 785 1005 μα’χης
805 919 1040 1003 καθισταμένης
1063 918 1236 1037 ισρπαλοῦς
1330 924 1332 931 ’

129 1009 226 1083 τέλος
242 1002 272 1068 οἱ
295 1005 552 1097 α’ντιτεταγμένσι
573 1014 609 1073 τὸ
635 1011 752 1097 κράτος
773 1015 956 1100 ἠνέγκαντο,
981 1042 1034 1083 και
1056 1017 1128 1097 τούς
1150 1020 1235 1087 ‘qu

128 1108 247 1201 μαίονς
271 1105 454 1191 νικήσαντες
486 1113 586 1189 ζωντα
617 1111 673 1179 τὸν
693 1118 877 1202 Λιπαρίτην
906 1123 1093 1202 κατέσχον
1081 1146 1133 1185 και
1130 1107 1252 1208 πριλς’

127 1206 181 1272 τὸν
203 1207 366 1291 ἐθνάρχην
387 1212 504 1293 ον’τσῖν
522 1238 565 1289 ως
588 1215 721 1300 θήραμυὶ
742 1243 773 1281 τι
796 1223 858 1283 τῶν
885 1221 1042 1301 μεγίστοιν
1062 1219 1235 1345 α’πήγογριι.

79 1310 324 1373 1οκαλεῖταιιλ’
346 1298 435 1385 οὗτος
457 1313 629 1391 σσσλτάνος
658 1317 700 1436 σή
718 1321 867 1405 Περσικῇ
887 1321 1049 1409 διαλέκτῳ.
1094 1317 1200 1385 ἀλλ”
1184 1347 1235 1407 oya

127 1411 239 1475 τοῦτον
262 1408 358 1497 ἰδών,
393 1436 445 1475 και
468 1412 502 1477 τὸ
536 1422 622 1497 γένος
646 1419 757 1483 τούτου
780 1418 975 1505 μεμαθηκώς
1006 1426 1235 1506 (προκατέλαβε

126 1509 191 1597 γὰρ
214 1514 311 1581 atsto
332 1517 351 1601 ή
374 1515 465 1603 φήμη
487 1518 541 1600 τῆς
563 1521 622 1583 τοῦ
644 1520 760 1604 α’νιλρός
780 1515 1066 1607 γενναιότητος),”
1045 1545 1140 1608 ηρετο
1156 1515 1235 1588 roll..
1299 1526 1308 1539 ’

125 1636 183 1677 τον
205 1607 289 1695 ὅπως
318 1620 356 1703 ιλή
377 1623 532 1704 χρηστέον
550 1621 644 1707 ου’τήῖ.
690 1620 765 1687 ὅδὲ
786 1620 998 1705 βασιλικῶς”
978 1648 1050 1710 εφη.
1092 1626 1149 1690 καί
1172 1626 1234 1696 αὔ-

125 1716 198 1781 τίιια
218 1720 274 1803 τής
298 1720 455 1805 δυστήνου
483 1723 581 1809 τιν’χης
604 1726 715 1788 τοῦτον
732 1723 754 1790 6
778 1723 952 1799 σουλτσίνος
971 1722 1158 1807 ἐλευθεροῖ,
1178 1728 1236 1800 καί

77 1815 258 1915 15ποὶντιον
292 1813 336 1887 ὧν
369 1820 449 1888 κατοὶ
485 1822 537 1889 τὸν
573 1824 710 1907 πόλεμον
745 1824 955 1910 ἆποβιβλήκει
975 1830 1232 1895 πολλαπλασίονα
1303 1823 1306 1826 ’

123 1916 183 2002 τήν
204 1920 375 1987 α’ντέιιτισιν
395 1922 481 2006 ιλοιίς,
504 1921 562 2008 τήν
577 1922 657 2009 πρὸς
673 1923 852 2007 Ῥαμαίους
870 1921 951 1993 οὕτω
964 1924 1139 2012 συνεχώρει
1161 1924 1232 2009 ἕλξα-

124 2022 192 2107 ιλον,
214 2023 387 2104 θαυμάσας
409 2024 465 2108 τήν
487 2029 543 2089 τοῦ
568 2023 682 2109 ἀνδρὸς
712 2025 876 2110 ειίιμυχιοιν
898 2033 952 2094 καί
971 2026 1006 2093 τό
1028 2028 1086 2092 τοῦ
1107 2026 1231 2114 φρονή-

124 2146 224 2204 ματος
249 2123 427 2208 εὐσταθὲς,
449 2125 505 2191 καί
543 2125 681 2212 θελήσας
713 2124 757 2210 μή
785 2128 931 2213 δεύτερος
958 2130 1058 2195 αὐτοῦ
1079 2132 1231 2212 γενέσθαι,

115 2230 202 2323 ,περί
229 2227 264 2289 τὸ
296 2233 350 2311 τῆς
373 2228 515 2309 πράξεως
548 2229 673 2311 εὐγενὲς
703 2229 757 2295 καί
792 2228 1068 2318 α’φιλοχρήματον.
1120 2232 1230 2301 τοῦτον

74 2324 231 2394 θθτοίννν
255 2322 272 2389 6
304 2330 365 2392 τῶν
382 2324 548 2411 Ῥωμαίων
573 2331 739 2411 δεξάμενος
771 2331 924 2413 βασιλειλς
944 2341 1051 2414 τιμαῖς
1071 2355 1105 2396 τε
1129 2334 1232 2415 τλημο-

124 2435 211 2505 σίαις
232 2429 332 2495 ον’τόν
349 2432 600 2516 κατελάμπρυνε,
619 2431 674 2497 καί
697 2429 812 2517 ιλολροις
833 2459 885 2499 και
880 2432 1007 2518 λόγοις
1026 2434 1230 2518 πανταχόθεν

123 2527 238 2612 έχουσι
271 2529 304 2596 τὸ
328 2531 473 2616 λαμπρὸν
505 2531 758 2619 κατεκόσμησεν,
781 2533 825 2609 οὖς
853 2529 935 2620 ὑπὲρ
966 2536 1020 2620 τής
1050 2534 1230 2620 Ῥωμαϊκῆς

123 2633 291 2714 βασιλειας
313 2630 370 2716 τήν
389 2631 501 2718 ψυχήν
519 2634 725 2710 α’διστιίκτιος
736 2637 918 2771 προέμενον.

124 2959 217 3012 socios
238 2959 285 3012 sed
305 2960 383 3011 etiam
403 2947 497 3013 bostes'
512 2961 585 3026 ipsos
604 2959 708 3013 validos
727 2961 829 3013 faciens
849 2961 1032 3014 accessionem
1046 2975 1095 3028 per
1113 2957 1227 3013 bosia.

121 3031 224 3083 victam
243 3031 366 3098 praebuit
384 3031 514 3084 hostibus.
552 3048 601 3098 per
630 3048 710 3083 uuum
728 3033 799 3083 euim
821 3033 891 3084 diem
910 3031 1078 3085 multitudiue
1098 3049 1132 3085 ox
1152 3035 1228 3101 regio

123 3101 259 3154 sententia
280 3103 388 3155 militari
409 3112 500 3155 coacta
530 3104 678 3175 iufllberiae
707 3104 804 3157 linibus
824 3106 1006 3155 centurionem
1025 3104 1157 3156 illustrem
1176 3104 1226 3155 λιιι.

122 3174 215 3240 bento,
236 3176 280 3243 qui
300 3175 431 3242 Liparitcs
459 3176 704 3244 cognominabatur,
725 3191 885 3243 congressus
908 3177 979 3227 inter
1001 3175 1050 3226 hos
1071 3184 1098 3226 et
1116 3175 1226 3227 Hunnos

123 3245 202 3299 fortis
221 3247 259 3310 lit,
279 3256 306 3298 et
324 3256 462 3315 postquam
481 3247 525 3298 diu
545 3263 632 3316 pugna
660 3249 748 3299 extitit
766 3262 822 3315 par,
841 3255 975 3314 postremo
1000 3248 1117 3314 oppositi
1136 3248 1226 3298 vieto.

122 3319 190 3370 riam
208 3327 386 3386 reportarunt,
410 3327 436 3370 et
456 3319 563 3372 Graecis
582 3321 695 3371 devictis
716 3322 806 3372 vivum
822 3319 965 3386 Liparitem
984 3325 1127 3369 tenuerunt
1146 3325 1172 3368 ot
1193 3319 1226 3369 ad

122 3390 218 3456 populi
230 3391 377 3458 principem
389 3391 589 3460 (ethuarcbum)
604 3407 678 3442 suum
694 3400 722 3443 ut
736 3392 888 3443 venationis
907 3391 1029 3458 praedam
1055 3388 1170 3456 aliquam
1191 3403 1225 3438 ex

121 3462 244 3514 maximis
264 3461 438 3514 abduxerunt.
461 3472 574 3516 vocatur
594 3472 681 3514 autem
700 3464 745 3514 hic
766 3462 885 3516 soltanus
904 3461 1012 3514 Persica
1031 3460 1155 3523 dialecto,
1176 3459 1224 3512 scd

122 3532 172 3584 ille
192 3534 263 3586 hunc
281 3535 376 3587 videns
397 3545 423 3590 ot
441 3544 548 3603 gentem
568 3536 625 3587 eius
647 3551 813 3604 cognosceus
838 3532 1056 3602 (praeobtiuebat
1074 3533 1144 3582 enim
1163 3545 1223 3582 eum

123 3605 194 3657 lama
210 3605 358 3659 nobilitatis
377 3607 443 3676 viri)
465 3607 610 3675 quaerebat
629 3623 662 3658 ex
682 3607 743 3691 hoc,
764 3608 896 3675 quomodo
915 3605 1019 3656 taudem
1038 3611 1158 3655 uteretur
1177 3618 1221 3666 eo,

122 3676 172 3730 ille
193 3687 289 3742 autern,
309 3679 403 3746 regie,
414 3680 514 3746 inquit3
535 3686 561 3730 et
579 3681 666 3731 statim
681 3680 779 3730 misera
798 3679 904 3731 fortuna
923 3676 994 3727 bunc
1013 3676 1132 3728 sultauus
1150 3673 1222 3725 libe-

121 3758 163 3802 τοι
182 3758 209 3802 et
225 3765 273 3817 pro
293 3751 412 3816 omnibus
435 3767 503 3818 quae
522 3752 549 3802 iu
570 3750 644 3802 bello
663 3751 815 3816 perdiderat
833 3747 1007 3815 multiplicem
1026 3747 1223 3800 restitutionem

120 3823 222 3874 donans
247 3821 279 3872 ad
298 3811 413 3874 Graecos
433 3823 468 3872 ita
492 3821 569 3874 simul
596 3822 730 3873 concessit
759 3821 859 3873 abitum
879 3821 1021 3873 admiratus
1040 3820 1091 3872 viri
1109 3832 1221 3901 magua.

119 3893 266 3946 nimitatom
289 3901 315 3944 ct
333 3895 413 3946 animi
431 3894 580 3945 firmitatem
609 3888 635 3945 et
659 3893 754 3944 volens
781 3908 834 3944 uon
853 3892 966 3942 inferior
988 3906 1020 3941 eo
1047 3891 1154 3943 esseio
1179 3888 1221 3941 λο-

120 3967 156 4017 cti
182 3963 323 4017 nobilitate
351 3976 377 4017 et
401 3967 563 4033 integritate.
610 3965 680 4016 lrunc
707 3965 788 4032 igitur
817 3963 978 4016 Graecorum
1005 3963 1142 4029 excipiens
1173 3975 1222 4012 rex

121 4036 268 4089 bonoribus
287 4038 402 4104 publicis
423 4053 482 4088 eum
502 4038 644 4090 honoravit
664 4044 690 4087 et
713 4037 790 4088 donis
816 4045 843 4086 et
862 4035 952 4087 verbis
971 4033 1071 4102 ubique
1090 4031 1222 4101 illustrem
1296 4088 1302 4093 p

118 4109 250 4162 rationem
278 4109 437 4164 habentibus
464 4111 569 4162 ornavit
588 4119 617 4160 ut
640 4117 688 4176 pro
709 4107 837 4160 Graeco
830 4109 942 4175 nuperio
968 4108 1049 4159 ritem
1078 4113 1153 4173 certo
1172 4104 1221 4199 (le

76 4183 83 4189 '
118 4189 273 4238 torentem.
