2967 4825
184 268 193 276 .
248 226 323 303 188
527 221 747 298 mesdeus
780 218 1041 295 mitioris

155 446 163 459 .
245 395 351 477 μισύν
370 389 430 477 τήν
445 393 617 479 τυραννίδα
639 394 697 457 τού
710 387 916 476 Μιχοήλοός
940 390 996 453 καί
1010 385 1128 471 πολλήν
1150 387 1225 474 παρ’
1249 388 1356 455 αδτού
1401 428 1410 443 ·

248 492 417 576 δεξόμενος
438 493 494 579 τήν
517 493 712 581 καταφορόν,
734 491 848 557 καθότι
870 487 1072 574 αἰχμάλωτος
1091 480 1135 555 ούν
1154 489 1225 555 α’ντί
1245 490 1355 567 ἐλέους
1381 549 1393 569 ,
1435 502 1441 510 ’

246 596 415 681 βασιλικοῦ
448 594 601 681 δήμευσιν
629 594 748 680 ύπέστη
785 589 907 679 δωρεὰν
943 593 998 657 κατ’
1024 592 1086 656 ταῖν
1116 592 1208 657 ἰδίων
1236 595 1355 657 τέκνων

247 697 466 780 ύπύνθρωπον
484 690 662 783 γύμνωσιν,
697 690 750 763 οἷα
771 695 808 761 τό
840 695 903 759 τιόν
926 692 1125 776 κρατούντων
1146 681 1225 759 τότε
1246 718 1354 777 παρα·

246 796 414 881 νομοότατα
446 802 655 883 κολαστήρια,
699 796 884 875 ύπεσκόλιζε
924 792 982 880 τήν
1016 786 1072 879 τής
1112 792 1238 879 εἰρήνης
1271 788 1380 870 αἰπύ-5

245 909 359 987 βασιν,
386 899 439 966 ἵνα
470 898 544 977 τούς
573 896 757 987 οἷλιτηρίους
779 898 957 981 α’μόνηται,
980 894 1080 972 ου’τός
1100 898 1161 977 μὲν
1182 894 1239 958 ούκ
1260 887 1354 976 οἶδα,

246 989 383 1086 λέγουσι
405 1006 440 1067 δὲ
468 999 498 1067 οἱ
526 1001 653 1067 πολλοί·
697 996 767 1065 ὁδ’
802 992 969 1085 ἄνθρωπος
991 997 1083 1084 φίλος
1114 997 1188 1078 ἐμοί
1216 994 1354 1083 γνησιώ-

246 1126 339 1180 τατος
360 1095 405 1168 δύο
431 1103 589 1185 ἔξοόμνυτσ
614 1101 670 1193 τήν
699 1097 851 1185 τοιαύτην
876 1093 1035 1164 ύπόθεσιν.
1085 1096 1115 1163 εί
1146 1098 1181 1160 δὲ
1210 1097 1266 1161 καί
1293 1123 1355 1162 τυ·-

138 1225 141 1233 ’
211 1264 218 1271 ,
246 1205 449 1291 ραννδκτόνσς
481 1199 637 1286 ἐπεθύμει
666 1203 837 1287 γενέσθαι,
870 1199 1208 1286 γενναιότητος.τούτο
1230 1195 1354 1277 πόντως

245 1329 426 1391 τεκμήριον.

341 1408 391 1476 Ἐν
412 1411 457 1499 τῷ
486 1414 573 1497 με’σιρ
598 1408 632 1473 δὲ
663 1403 721 1493 τήν
744 1402 928 1491 ὁδοιπορίαν
958 1404 1014 1471 τού
1032 1400 1214 1470 Ῥουτιλίου
1237 1405 1351 1488 διηνο-

244 1509 355 1593 κύτος,
390 1514 444 1575 καί
476 1508 534 1585 τός
564 1508 681 1594 σκηνοὶς
709 1506 743 1574 ἐν
765 1504 968 1595 Χρυσοπόλει
996 1507 1133 1587 θεμένου
1155 1504 1347 1589 καταντικρύ

243 1614 303 1677 τού
323 1614 379 1694 τής
399 1611 564 1694 βασιλίδος
594 1614 760 1693 πορθμοῦ,
786 1603 887 1693 φόβος
910 1604 984 1691 ἔσχε
1007 1602 1062 1671 τόν
1082 1610 1229 1689 βασιλέα,
1251 1608 1306 1671 καί
1325 1603 1346 1692 ή

244 1717 302 1779 τού
322 1710 489 1793 Βύζαντος
504 1715 577 1803 τήδε
598 1714 723 1777 κδκεῐσε
749 1710 987 1792 διεκυμαίνετο·
1011 1709 1071 1773 τῶν
1094 1707 1264 1797 ἁπανταχῇ
1285 1706 1345 1793 γὰρ

245 1815 403 1899 Φρόηγοιν
427 1817 731 1899 συναθροισθέντων
760 1812 814 1878 καί
841 1809 1058 1877 συνελθόντων
1084 1810 1191 1897 αύτῷ,
1213 1808 1347 1895 στρατός
1358 1835 1392 1889 15

243 1916 405 2000 α’ξιύλογος
422 1914 456 1983 τό
474 1912 588 1982 τούτου
603 1910 813 2000 στρατόπεδον
833 1917 1039 2000 ε’γνωρίζετο·
1082 1911 1174 1996 ἐγγύς
1195 1909 1257 1995 γόρ
1282 1914 1346 1977 τούν
1480 1904 1481 1915 ’

241 2018 428 2102 τρισχιλίων
456 2010 539 2104 ἦσαν
569 2015 599 2083 οἱ
630 2017 866 2101 συνδραμόντες
899 2010 1042 2101 Φρόηγοι
1072 2014 1168 2102 αύτῷ.
1225 2012 1346 2099 ἡμέρας

194 2120 196 2125 ’
242 2119 278 2182 δὲ
299 2140 387 2194 τινας
406 2121 440 2183 ε’ν
451 2117 656 2204 Χρυσοπόλει
679 2113 942 2202 διακαρτερήσας,
964 2120 997 2181 ἐν
1012 2116 1238 2200 οιδηροπόδαις
1263 2113 1346 2198 ἔχων

242 2215 297 2303 τόν
319 2216 494 2302 Καίσαρα,
524 2223 587 2303 πύρ
616 2222 706 2304 ε’νήκε
727 2226 798 2293 ταῖς
820 2214 854 2282 ἐν
880 2213 1086 2305 Χρυσοπόλει
1112 2218 1345 2300 τνγχανούσαις

242 2320 374 2395 οἰκίαις·
418 2320 513 2405 καίή
536 2320 617 2407 φλὸξ
638 2321 777 2405 α’ρθείσα
798 2318 916 2403 πολλήν
947 2316 1093 2405 α’νήγειρε
1113 2315 1171 2403 τήν
1192 2315 1271 2403 βοήν
1291 2316 1390 2389 uedeo

242 2418 293 2487 τόν
319 2418 460 2488 κωκυτὸν
490 2431 555 2499 τοῖς
585 2422 785 2509 α’νθροόποις,
807 2423 849 2499 ιύς
872 2415 911 2488 όν
932 2424 990 2486 τού
1010 2425 1129 2503 α’νόμου
1149 2419 1343 2506 μεταρριπί-

243 2524 351 2600 ζοντος
378 2523 478 2610 αύτήν
506 2528 562 2590 καί
593 2524 844 2611 καταπληκτικήν
873 2521 1005 2612 ἀφιέναι
1036 2522 1145 2610 φωνήν
1171 2521 1344 2606 μονονουχὶ

241 2837 365 2892 utebatur
383 2836 480 2890 rebus:
499 2836 544 2890 hic
562 2837 720 2908 plerumque
745 2846 774 2891 ut
792 2838 926 2909 deligeret
951 2840 1044 2907 pac'em
1062 2838 1174 2892 Ruselio
1193 2837 1340 2892 suadebat:

214 2935 219 2940 ·
241 2911 346 2963 etiamsi
372 2908 472 2962 odisset
498 2911 664 2977 tyrannidem
689 2911 844 2976 Michaelis,
865 2927 932 2962 cum·
943 2911 1051 2963 multam
1077 2911 1110 2963 ab
1139 2927 1171 2963 eo
1191 2912 1343 2980 accepisset

241 2981 354 3046 cladem,
370 2982 433 3049 quia
448 2983 569 3049 captivus
583 2983 668 3036 lactus
682 2998 730 3050 pro
743 2984 926 3036 misericordia
937 2984 1018 3050 regia
1032 2983 1241 3050 publicationem
1258 2982 1342 3039 susti.

239 3053 298 3107 nuit
317 3054 423 3117 donum,
444 3061 471 3105 et
489 3053 634 3106 liberorum
652 3055 789 3108 crudelem
809 3055 1015 3123 spoliationem,
1038 3055 1131 3123 quales
1150 3056 1342 3108 dominantium

241 3136 295 3179 tum
315 3133 389 3178 erant
407 3126 519 3178 maxime
533 3126 692 3195 illegitimae
712 3129 913 3197 castigationes,
932 3127 1093 3180 subornabat
1111 3129 1186 3194 pacis
1206 3135 1342 3191 eventum,

240 3206 270 3250 ut
296 3199 360 3251 deos
389 3196 491 3250 ultores
521 3207 634 3251 arceret.
681 3200 740 3268 ipse
772 3200 823 3252 hoc
841 3214 894 3251 non
921 3202 995 3264 novi,
1022 3199 1068 3250 scd
1095 3200 1187 3251 dicunt
1207 3198 1342 3267 plerique.

240 3271 320 3323 bomo
340 3277 428 3321 autem
439 3278 539 3338 utpote
559 3271 638 3342 valde
657 3272 794 3338 sincerus,
814 3271 878 3322 mihi
897 3274 1006 3337 amicus,
1028 3271 1147 3324 eiurabat
1175 3270 1230 3322 tale
1250 3271 1343 3323 consi-

240 3342 322 3394 lium:
346 3342 413 3395 licet
436 3343 605 3410 tyrannicida
629 3341 715 3396 vellet
740 3351 814 3410 esse,
834 3343 981 3397 nobilitatis
1001 3344 1052 3395 hoc
1072 3345 1179 3397 omnino
1198 3353 1239 3398 est
1257 3345 1343 3396 docu-

240 3423 365 3468 melitum.

342 3514 407 3568 Cum
426 3519 514 3564 sutem
534 3515 648 3567 medium
672 3516 724 3568 iter
741 3501 868 3568 lluselius
887 3517 1048 3584 perfecisset
1074 3525 1100 3568 et
1117 3520 1235 3571 tentoria
1253 3517 1342 3586 ciry-

243 3586 331 3654 sopoli
349 3586 452 3638 fixisset
468 3584 596 3640 adversus
615 3588 711 3640 fretum
730 3587 814 3652 urbis,
834 3596 919 3641 metus
949 3590 1058 3643 tenebat
1075 3604 1167 3659 regem
1187 3598 1214 3641 et
1233 3592 1342 3659 Byzan.

243 3658 308 3710 tium
326 3657 371 3709 bic
390 3665 418 3707 ct
436 3654 494 3705 illic
513 3653 664 3710 fluctuabat.
704 3674 762 3710 cum
782 3660 852 3712 enim
870 3663 987 3731 undique
1006 3662 1101 3714 Franci
1120 3667 1297 3716 convenirent
1317 3673 1344 3716 et

243 3733 488 3796 congregarentur,
509 3730 642 3781 exercitus
664 3739 809 3784 memoratu
838 3732 933 3802 dignus
953 3733 1031 3787 buius
1059 3740 1145 3787 castra
1163 3737 1343 3798 aestimaban-

241 3807 292 3850 tur.
330 3814 416 3867 paene
436 3797 506 3848 enim
531 3808 572 3853 ter
590 3800 666 3853 mille
685 3802 792 3856 luerunt
811 3803 921 3870 Franci,
948 3807 994 3875 qui
1013 3807 1045 3858 ad
1072 3821 1131 3860 eum
1150 3808 1342 3861 confluxerant.

171 3918 177 3923 .
240 3878 379 3940 postquam
398 3877 485 3921 autem
505 3868 562 3924 dies
590 3874 734 3927 nonnullos
761 3873 921 3944 chrysopoli
948 3886 1069 3931 versatus
1097 3887 1152 3942 est,
1179 3882 1205 3932 in
1226 3879 1342 3933 vinculis

241 3942 338 3995 ferreis
358 3952 452 3995 tenens
472 3939 623 4009 Gaesarem,
643 3948 732 4016 ignem
752 3949 844 3999 iniecit
863 3949 999 4014 domibus,
1020 3961 1088 4018 quae
1108 3959 1199 4004 esseut
1221 3951 1343 4019 Chryso.

239 4012 318 4082 poli,
338 4024 366 4069 et
383 4014 484 4066 lamma
503 4025 594 4069 erecta
610 4019 721 4079 multum
742 4021 871 4072 excitavit
894 4020 1037 4074 clamorem
1064 4031 1090 4074 et
1108 4025 1234 4090 gemitum
1254 4025 1345 4076 homi.

239 4084 319 4138 nibus
348 4091 444 4157 (seusu
463 4097 552 4153 caret,
577 4092 731 4159 nequaxqoi
757 4091 898 4159 exscripsit
915 4093 998 4146 verba
1016 4093 1186 4148 intellexisse
1210 4096 1342 4166 videtur).

241 4157 366 4216 emollire
392 4159 502 4226 cupiens
521 4177 569 4214 rex
586 4162 692 4215 barbari
707 4163 873 4229 violentiam,
894 4165 975 4219 mittit
987 4166 1049 4221 lruic
1062 4181 1133 4220 suam
1153 4182 1264 4222 uxorem
1283 4182 1344 4220 cum
