2967 4825
543 313 753 388 rrtsromt.¹
786 356 792 366 -
1124 319 1198 390 ιιι
1310 295 1312 306 '

101 477 156 543 τιό
173 480 312 564 στραιοῦ
348 481 457 546 αότῶν
478 479 664 566 (α’μηρόδας
694 477 761 548 οἶδε
781 479 910 560 τοότους
942 488 1049 548 καλεῖν
1069 484 1126 548 καί
1145 507 1201 550 σε-

102 581 228 666 λαριλυς
246 581 267 665 ἦ
288 584 355 648 τῶν
380 580 529 665 Τοόρκων
550 583 656 669 φωνὴ)
688 582 745 670 την
765 587 918 666 βασιλίδα
940 585 1202 668 καταλαμβάνον-

100 703 147 756 τες
170 683 204 746 όν
233 685 368 770 δουλικῷ
402 686 447 772 τῷ
476 681 620 768 σχήματι
645 689 700 750 καί
719 685 915 772 φρονήματι,
935 683 993 762 τός
1015 693 1126 771 χεῖρας
1146 691 1203 752 καί

100 781 172 858 τοός
202 783 338 860 κόλπους
364 787 473 869 ἐξῆγον
502 789 724 870 πεπλησμένας
750 791 882 872 χρυσῶν
911 794 967 854 κατ’
997 786 1202 874 δφασμότων
1395 859 1397 864 ,

79 886 283 949 υπολυτελῶν.
326 882 382 950 καί
398 885 509 962 αὐτοῖς
530 893 594 961 τοῖς
616 890 911 970 Κοντουλμουσίοις
934 887 1130 976 καθημερινὴ
1153 911 1201 965 τις
1209 906 1228 960 ς.
1244 905 1297 962 228
1306 919 1334 963 v.
1390 877 1396 894 ’

99 981 118 1066 ἦ
142 985 177 1046 εἰι
209 984 274 1048 τῶν
300 987 475 1066 βασιλικῶν
506 989 683 1070 θησαυρῶν
717 987 773 1052 κατ’
801 981 1021 1074 όναρίθμητος
1051 987 1200 1072 ἐπίρρυτα

99 1085 269 1165 ε’πεγινιτο·
312 1083 369 1148 καί
389 1084 443 1150 διό
463 1089 559 1150 τοῦτο
578 1083 751 1176 τομτιιίνων
779 1089 844 1173 ἤχη
870 1089 924 1154 κατ’
947 1089 1090 1176 εόφημιά
1110 1088 1199 1172 παρὰ

99 1186 154 1248 ταῶ
175 1184 339 1270 φοοσότου
359 1189 423 1250 τῶν
448 1185 599 1271 Τσόρκων
619 1191 792 1272 πολυειδὴς
812 1191 847 1254 ἐκ
869 1189 1103 1273 Χρυσοπόλεως
1124 1189 1200 1254 dva-

72 1281 243 1366 “πόμπετο.
297 1284 354 1350 καί
384 1283 587 1370 πανταχόθεν
618 1288 778 1376 εόφημίαι
808 1293 865 1354 κατ’
894 1290 1023 1374 χόριτες
1050 1312 1201 1374 συνεκρο·
1269 1360 1271 1364 ,

64 1388 207 1472 torcino
225 1388 281 1451 καί
295 1382 354 1469 τήν
370 1383 462 1451 πόλιν
483 1388 679 1474 ἐστεφάνουν
693 1391 750 1452 κατ’
770 1392 827 1474 τῆς
848 1393 1004 1474 προτέρας
1026 1391 1200 1456 ἀνεκτῶντο

96 1481 310 1571 στυγνότητος,
332 1485 375 1564 ῶς
397 1485 576 1554 α’νόπλασιν
596 1495 768 1572 μιμεῖσθαι
786 1488 844 1575 τόν
865 1493 920 1556 τοῦ
932 1491 1103 1556 θεοσδότου
1121 1499 1200 1556 του-

96 1589 166 1652 τουί
185 1590 343 1669 βασιλέως
365 1589 536 1671 ε’πιδημιάν
557 1589 613 1654 καί
632 1588 690 1675 την
710 1591 945 1675 μεγαλουργίαν
963 1594 1016 1674 τῆς
1040 1583 1209 1675 πράξεως(

96 1684 129 1750 τό
155 1691 191 1752 di
211 1683 339 1753 πόντων
366 1689 644 1776 θαυμασιώτερον,
666 1684 717 1755 ότι
736 1694 821 1775 μηδὲ
853 1689 888 1756 τό
915 1690 1069 1758 παλότιον
1092 1683 1197 1778 εὗρεν,

97 1784 114 1851 ό
134 1787 197 1871 πρό
219 1789 323 1854 edroi
335 1797 489 1874 κατεῖχεν,
514 1783 632 1856 όονλον
655 1793 711 1857 κατ’
723 1786 918 1878 α’πόρθητον,
941 1794 1009 1856 αλλ’
1034 1793 1198 1858 α’ποσεσυ·

63 1896 89 1948 15
97 1890 227 1973 λημόνον
252 1893 307 1953 καί
325 1890 556 1980 περιῃρημένον
584 1901 646 1968 τοῖς
668 1887 754 1966 όλοις
777 1896 830 1956 καί
849 1890 984 1971 παντός’
996 1896 1123 1976 χρυσοῦ
1144 1890 1201 1957 καί

96 1989 238 2076 α’ργόρου
260 1992 315 2056 καί
336 1990 529 2079 ό-φόσματος
549 1995 759 2075 ἐψιλωμένον,
784 1994 985 2060 παντάπασιν
1005 1996 1038 2059 όν
1060 1996 1096 2083 ιη’
1119 2019 1199 2077 συγ·-

95 2093 187 2175 χόσει
210 2094 267 2177 τῆς
287 2096 409 2158 ἐκείνου
432 2099 656 2181 καταστροφῆς
687 2098 928 2177 όπογυμνωθόν.
974 2089 1034 2161 ὅσα
1056 2097 1093 2161 δὲ
1112 2100 1199 2179 μόλ-

96 2198 148 2256 λον
163 2183 240 2276 εὗρε
259 2196 318 2259 rori
338 2193 401 2257 αἰιό
416 2196 479 2258 τῶν
494 2196 666 2279 ἐκκλησιῶν
687 2193 922 2281 α’φαιρεθόνιος
939 2195 1024 2279 παρὰ
1040 2199 1098 2260 ταῶ
1119 2219 1200 2281 τερο-
1246 2214 1251 2223 '

24 2325 29 2335 ·
96 2287 345 2373 βασιλεόσαντος
358 2290 478 2375 κόσμου
493 2296 547 2358 καί
567 2297 630 2359 τῶν
643 2296 814 2378 κειμηλίων
828 2294 1079 2378 περισωζόμενα,
1094 2297 1199 2361 πάντα

60 2400 167 2469 toreio
192 2396 371 2478 ἐκκλησίαις
391 2395 531 2472 καὶτοῖς
552 2398 780 2480 θείοιςσηκοίς
816 2390 1040 2480 α’νταπήνεγκε,
1063 2393 1107 2482 μὴ
1133 2397 1201 2463 δεί-

97 2518 155 2571 σος
186 2490 264 2572 όλως
285 2495 445 2581 όπορίαν,
477 2501 531 2562 κατ’
558 2501 601 2584 τῷ
629 2499 729 2585 καιρῷ
750 2494 789 2563 τό
819 2497 989 2584 πρόσφορα
1012 2502 1067 2583 τῆς
1088 2502 1201 2583 χρείας

97 2598 326 2681 προσενεγκοόν·
377 2592 458 2662 ὅπου
480 2597 542 2683 γὰρ
568 2595 645 2674 θεός
666 2597 701 2663 τό
731 2598 1002 2685 θεραπευόμενον,
1025 2595 1111 2664 ἅπαν
1133 2601 1200 2665 ἔτι.

22 2701 25 2710 ’
98 2717 151 2778 ρον
173 2696 207 2760 δν
228 2697 364 2788 δευτέρη
386 2699 516 2764 ε’τίθετο.
658 2697 685 2712 ”
1074 2762 1075 2767 ,

188 2792 319 2882 Ἕτερον
340 2800 397 2881 δό,
420 2798 541 2866 τούτων
563 2800 620 2866 οόκ
647 2798 776 2869 ἔλαττον
802 2804 848 2878 εἰς
869 2798 1035 2887 ἒγκῶμιον.
1078 2803 1112 2869 όν
1131 2810 1200 2880 ταῖς

100 3158 183 3211 darios
202 3155 345 3208 ancarnm
368 3152 476 3224 lingna)
502 3151 594 3205 arbem
624 3151 777 3205 obtinentes
802 3151 898 3207 servili
929 3151 1020 3204 babitu
1050 3160 1077 3203 et
1101 3154 1212 3217 animo,-

98 3243 190 3281 manus
211 3236 238 3278 et
256 3228 329 3279 sinus
350 3225 496 3278 efferebant
514 3223 623 3291 impleta
641 3239 706 3275 auro
726 3232 753 3276 et
771 3225 851 3277 textis
871 3224 1013 3292 pretiosis:
1033 3231 1113 3293 atque
1134 3226 1201 3290 ipsis

100 3299 271 3355 Cutulmnsiis
288 3298 472 3366 quotidianae
492 3296 575 3365 regiis
594 3296 727 3350 thesauris
748 3301 774 3349 et
789 3294 988 3347 innumerabilis
1008 3296 1128 3348 accessio
1148 3296 1201 3347 fle.

98 3373 158 3424 bat:
180 3379 208 3423 et
224 3374 369 3438 propterea
387 3377 571 3435 tympanorum
591 3382 671 3421 sonus
692 3376 718 3419 et
736 3368 882 3419 celebratio
903 3383 920 3417 κ
939 3368 1038 3419 fossato
1057 3365 1200 3419 'furcarum

98 3443 173 3496 varia
193 3439 355 3508 Chrysopoli
375 3441 517 3493 edebatur:
538 3446 564 3491 et
582 3441 698 3509 undiquc
718 3437 913 3492 celebrationes
934 3447 961 3490 et
978 3446 1066 3508 grates
1085 3436 1200 3505 plaude.
1271 3470 1273 3475 ·

98 3516 196 3567 bantur
215 3521 243 3564 et
260 3513 352 3564 urbem
380 3513 553 3576 coronabant,
574 3519 600 3563 et
625 3527 641 3561 e
668 3512 760 3579 priore
783 3510 961 3563 restituebant
978 3510 1096 3574 tristitia,
1115 3511 1152 3561 ita
1170 3517 1199 3562 ut
1267 3536 1272 3544 ·
1304 3534 1312 3555 t

101 3585 360 3639 transformationem
379 3591 507 3652 aequaret
525 3584 579 3635 dati
598 3599 614 3634 a
632 3584 683 3635 deo
708 3583 786 3638 buius
805 3583 878 3650 regis
898 3582 1028 3635 adventus
1049 3591 1075 3633 et
1093 3582 1200 3649 magni.

99 3659 208 3711 dicentia
227 3656 350 3709 actionis.
392 3657 505 3707 maxime
530 3663 618 3706 autem
643 3656 757 3719 mirum,
783 3655 853 3724 quod
878 3669 913 3706 ne
938 3652 1066 3726 palatium
1096 3652 1201 3721 quidem

100 3731 214 3793 invenit,
234 3728 304 3797 qnod
323 3735 385 3779 ante
406 3743 465 3779 eum
484 3726 621 3778 obtinebat
634 3728 768 3794 integrum
788 3734 815 3778 et
833 3728 971 3790 intactum,
993 3726 1040 3777 sed
1059 3723 1201 3793 spoliatum

100 3810 126 3852 et
146 3801 279 3867 direptum
290 3798 421 3863 omnibus,
442 3808 470 3851 et
482 3800 553 3849 omni
565 3813 630 3849 auro
646 3806 673 3849 et
682 3806 794 3867 argento
811 3806 837 3849 et
850 3800 929 3851 textis
945 3796 1065 3849 orbatum
1083 3796 1200 3859 omnino,

99 3874 126 3924 in
146 3873 305 3923 confusione
325 3870 407 3922 cladis
425 3870 500 3924 illins
516 3869 689 3922 denudatum:
710 3885 778 3937 qnae
797 3877 885 3920 autem
904 3871 1009 3922 invenit
1028 3875 1201 3920 ornamento.

98 3958 156 3995 rum
183 3952 210 3995 et
237 3944 379 4011 insignium
409 3959 443 3994 ex
470 3942 594 3993 ecclesiis
619 3956 634 3990 a
659 3942 750 4008 priore
782 3954 847 4006 rege
881 3942 1059 3991 detractorum
1084 3945 1200 3999 servata,

99 4015 189 4065 omnia
203 4014 326 4066 ecclesiis
338 4023 364 4065 et
379 4014 478 4066 divinis
496 4012 602 4080 templis
621 4012 744 4075 reddidit,
763 4026 818 4061 non
830 4013 925 4062 timens
939 4012 1045 4060 omnino
1066 4010 1200 4076 inopiam:

101 4096 127 4136 et
145 4088 283 4138 occasioni
298 4085 391 4137 utilem
410 4102 484 4136 nsum
499 4086 607 4136 addens.
633 4082 683 4135 Ubi
703 4084 773 4133 enim
793 4082 858 4135 deus
878 4082 977 4132 cultum
997 4095 1101 4132 omnem
1119 4080 1200 4130 alium

100 4159 217 4211 secundo
236 4157 298 4210 loce
317 4157 441 4225 ponebat.

207 4256 297 4311 Alium
315 4263 370 4309 non
389 4256 476 4311 minus
495 4256 532 4332 'in
550 4254 719 4331 laudent-in
737 4252 876 4308 maritimis
894 4252 1042 4322 litoribus,¹
1058 4263 1125 4322 quae
1153 4254 1200 4299 τοι
