2967 4825
254 288 307 362 68
545 291 765 362 mentitus
796 290 1056 361 d'l'l'ALlOEdE

254 458 319 518 sais
341 445 515 540 παρόντων,
537 457 581 541 τῷ
602 452 688 538 τρέει
715 457 832 541 scirpi
857 445 967 541 ὄμβρῳ
989 458 1122 534 συνεχεῖ
1136 450 1192 513 καί
1215 446 1352 511 άνυαοί-

253 578 317 677 στρ
337 552 487 638 μήκιστον
507 554 621 637 χρόνον
647 554 964 640 ταλαιπωρούμενοι,
987 550 1021 618 τά
1048 554 1103 637 ζῆν
1125 549 1352 634 έναπέρρηξαν,

253 680 306 719 και
327 656 366 720 τά
390 657 554 740 ἐπιτήδεια
588 666 662 740 παρ’
686 654 800 721 ituria
824 664 896 731 τοῖς
919 657 1179 740 στρατευομένοις
1214 651 1355 728 initiae,

254 760 412 837 ποταμιοο
434 754 594 843 ῥεύματος
627 756 681 822 και
706 760 863 839 χειμῶνος
884 753 1037 837 γενόμενα
1067 752 1234 838 πάρεργον.
1278 754 1353 817 α’να-

253 859 363 942 στολῆς
386 861 422 925 δέ
443 863 609 945 γενομένης
629 858 714 947 ἐξῄει
728 861 857 944 πρωίας
887 856 903 921 o‘
926 852 1087 939 βασιλεύς,
1106 860 1160 920 καί
1177 853 1233 920 τὸν
1253 856 1382 918 ποτα-5

252 958 312 1040 μέν
334 958 439 1043 αγχοῦ
459 963 685 1077 καταρρέοντα,
706 963 867 1045 τραφέντα
895 963 935 1047 τῇ
956 961 1124 1047 έπομβρίρ,
1145 953 1356 1072 διαπερανού-

253 1085 347 1143 μενος
364 1058 500 1137 πολλοὺς
532 1062 594 1125 τάν
617 1064 783 1146 σφετέρων
811 1062 962 1143 α’πέβαλε.
1005 1056 1101 1143 λη’ξας
1131 1058 1166 1123 δὲ
1199 1052 1279 1139 πρὸς
1300 1079 1359 1172 pu-⁸
1390 1067 1392 1077 ⁴

141 1173 145 1184 ‘
254 1160 327 1244 κρόν
346 1162 401 1243 τῆς
423 1157 646 1243 ὁδοιπορίαςι
627 1157 689 1228 υπὸ
715 1158 807 1225 σκιάν
830 1158 905 1244 έστη
927 1162 1062 1243 δένδρου
1092 1156 1176 1232 τινὸς
1199 1181 1268 1238 αμα
1290 1152 1359 1221 τισί

254 1263 319 1331 τοῖν
350 1262 588 1347 άπερεχάντοτν,
618 1265 673 1326 καί
692 1271 760 1343 μετ’
788 1260 912 1345 έλίγον
922 1260 1002 1345 η’χῆς
1035 1264 1202 1343 γενομένης
1231 1260 1266 1323 έν
1300 1257 1387 1338 τῆς

253 1362 353 1449 δρυὸς
380 1364 490 1451 προῄει
521 1362 636 1446 μικράν
664 1390 681 1429 ο
669 1360 910 1445 βασιλευς,
896 1358 973 1428 σ’σον
992 1358 1038 1445 μη
1061 1386 1103 1450 την
1125 1355 1404 1444 pinsitammero

254 1464 576 1551 καταλαμβάνεσθαι·
621 1460 802 1549 ῥιζόθενιῖ
833 1457 915 1550 ου’τη
937 1466 1093 1547 τμηθεῖσα
1114 1460 1176 1526 σάν
1198 1460 1300 1585 ρισλλῇ
1320 1483 1359 1546 τη

254 1560 354 1654 βοῇ“
334 1565 431 1632 οπτία
453 1569 493 1653 τῇ
514 1567 554 1655 γῇ
574 1564 776 1650 προσήρεισε.
819 1571 944 1651 γέγονεν
976 1560 1206 1645 έβασιλτάς’
1191 1584 1278 1636 ενεος
1300 1584 1359 1624 τια-

243 1666 463 1751 ’ταμαθάν
430 1692 499 1742 οιας
528 1669 645 1752 μιαροῦ
672 1670 737 1730 δεῖν
762 1671 908 1751 τελευτῆς
937 1664 1048 1747 ἔμελλε
1067 1673 1202 1748 τυχεῖν,
1235 1686 1288 1728 ναι
1320 1654 1360 1747 ην

257 1771 424 1855 προοίμιον
444 1792 502 1833 ουκ
527 1767 650 1850 ἀγαθον
672 1766 707 1834 τὸ
733 1766 935 1886 συγκύρημα.

356 1867 577 1952 Προβιβάζοον
595 1873 631 1936 δέ
652 1869 708 1953 τήν
722 1867 876 1953 στρατιάν
897 1866 1107 1953 έπετιορεάετο
1128 1865 1240 1957 ταάτη.
1285 1868 1359 1950 έπε-
1372 1871 1405 1923 15

196 1998 198 2004 ·
257 1972 374 2053 τάχυνε
396 1970 425 2032 δ’
444 1962 552 2039 ἀι’ντὸν
586 1973 643 2035 καί
663 1994 710 2046 τις
742 1968 834 2057 φημη
863 1966 986 2054 ψευδής
1015 1972 1069 2034 καί
1090 1962 1147 2033 οὖν
1169 1966 1360 2051 έμνιραιιτος,

256 2070 444 2155 τυραννίδος
465 2066 671 2153 ἀπάρχεσθαι
693 2072 829 2153 λέγουσα
850 2069 906 2135 τάν
926 2072 1002 2155 πρὸς
1036 2064 1119 2135 έάαν
1142 2069 1362 2134 ἀποσταλέντα

93 2203 101 2212 -
142 2196 146 2201 ’
257 2172 333 2254 παρ’
359 2170 461 2236 αὐτοῦ
481 2167 645 2264 πολιτικὸν
675 2163 780 2252 άνιλρα
804 2166 858 2235 διά
881 2167 939 2253 την
972 2171 1035 2235 τοῖν
1057 2170 1217 2255 δημοσίαν
1238 2166 1364 2254 κτημά-

258 2295 324 2337 των
346 2268 503 2349 itatem.
552 2269 725 2354 καὶμέχρι
748 2275 802 2354 τῆς
834 2270 997 2353 βασιλίδος
1018 2271 1184 2354 γενόμενος
1204 2272 1261 2335 καί
1282 2265 1363 2354 π’ρός

258 2360 294 2440 τὸ
307 2371 443 2456 ,οἰκτρὸν
463 2375 522 2438 τοῦ
540 2369 720 2455 συμβάντος
741 2371 870 2449 εἰκότως
893 2373 1045 2456 οἷνιαθείς,
1068 2370 1124 2438 καί
1143 2368 1202 2456 τήν
1224 2376 1408 2455 κατηγο-λλ)

260 2479 335 2560 ρίαν
353 2477 413 2550 τοῦ
440 2466 595 2559 άρχοντος
625 2477 817 2540 ἐπίπλαστον
851 2472 1004 2558 έγνλοκιός,
1031 2472 1251 2555 α’νελάμβανεν
1273 2468 1362 2554 ὅμως

258 2580 316 2658 τῆς
337 2569 481 2659 ἀθυμίας
502 2567 626 2661 ἔαυτόν,
647 2573 795 2658 καὶπερὶ
816 2576 869 2641 τέν
896 2572 978 2640 κατά
1000 2576 1168 2660 πρόσωπον
1188 2577 1245 2658 τῆς
1265 2579 1362 2656 βασι·

140 2683 144 2690 ’
259 2678 346 2752 λίέυς
367 2679 621 2760 ’προεκκειμενυν
653 2674 802 2761 πορθμὸν
834 2674 935 2742 α’ῖῑώῖ
967 2679 1163 2762 ἕῖῖσῖθλεῖῐθ
1194 2677 1235 2766 ’ᾗ
1264 2671 1365 2766 θήρᾳ*

262 2990 289 3035 et
309 2979 474 3036 intolerabili
496 2994 544 3049 per
562 2980 748 3050 longissimum
766 2989 869 3049 tempus
889 2981 1006 3036 conlecti
1024 2973 1106 3034 uitam
1124 2981 1368 3050 deposueruntcet

258 3055 413 3107 necessaria
432 3061 525 3105 contra
549 3054 775 3120 exspectationem
798 3051 897 3106 milites
915 3053 1082 3117 deiecerunt,
1101 3051 1228 3106 ductum
1247 3063 1276 3107 et
1294 3061 1366 3106 tem.

252 3128 373 3194 ,pestatis
396 3125 466 3177 lucta
485 3127 697 3179 additamentum.
733 3125 912 3191 respiratione
931 3125 1000 3176 lacta
1019 3090 1154 3193 egreditur
1171 3141 1250 3178 mane
1269 3141 1320 3178 rex
1338 3133 1367 3177 et

260 3200 372 3251 durium
397 3212 482 3264 prope
500 3195 671 3261 dellneutem,
690 3206 796 3248 numum
814 3197 898 3248 imbre
917 3198 1137 3266 transgrediens
1136 3197 1234 3250 multos
1253 3213 1366 3250 suorum

260 3271 357 3322 amisit.
407 3270 539 3322 desistens
564 3276 651 3320 antem
682 3268 791 3336 paulum
821 3269 853 3320 ab
881 3270 978 3320 itinere
1006 3271 1034 3319 in
1058 3268 1149 3320 umbra
1172 3270 1247 3320 stetit
1281 3269 1367 3321 arbos·

258 3344 297 3394 ris
323 3341 438 3393 alicuius
464 3356 523 3392 cum
556 3339 711 3408 quibusdam
735 3339 912 3426 primoribus,
941 3347 968 3391 et
986 3339 1067 3407 paulo
1092 3348 1153 3406 post
1174 3339 1307 3410 clangore
1333 3355 1369 3391 ex

259 3429 361 3483 quercu
378 3413 460 3478 iacto,
479 3412 649 3480 progreditur
662 3410 770 3477 paulum
782 3426 840 3474 rex,
853 3413 881 3462 in
899 3419 1024 3478 quantum
1042 3425 1095 3461 non
1114 3409 1286 3479 longitudine
1306 3413 1367 3464 eius

260 3487 320 3553 capi
343 3492 450 3552 possete
476 3483 602 3534 radicitus
625 3490 712 3533 antem
734 3482 803 3534 baec
821 3483 905 3535 scissa
924 3498 983 3534 cum
1001 3482 1084 3532 multo
1099 3483 1216 3534 clamore
1235 3483 1368 3550 resupina

259 3559 290 3606 iu
316 3565 414 3607 terrem
441 3555 549 3605 decidit.
581 3553 667 3604 iactus
697 3562 739 3605 est
761 3568 810 3604 rex
839 3561 944 3618 mutus,
970 3569 1029 3604 cum
1057 3562 1255 3622 cognosceret,
1292 3554 1369 3623 quali

262 3641 347 3693 paene
380 3625 461 3677 morti
489 3623 693 3676 succubuisset.
732 3633 760 3674 et
792 3631 849 3675 crat
880 3624 1050 3692 proverbium
1083 3639 1138 3678 non
1171 3625 1271 3678 bonum
1305 3641 1369 3678 esse

262 3711 360 3747 mulli.

361 3780 527 3834 Promovens
539 3790 626 3832 autern
636 3783 781 3834 exercitum
792 3783 829 3835 ibi
840 3783 1076 3850 proficiscebatur:
1096 3784 1267 3837 accelerabat
1276 3793 1370 3836 autem

266 3868 326 3906 eum
345 3854 425 3911 etiam
445 3853 513 3905 lama
539 3853 606 3905 falsa
625 3868 714 3921 neque
733 3853 837 3918 edecta,
855 3857 1020 3921 tyrannidem
1038 3856 1188 3908 instituisse
1206 3857 1302 3910 dicens
1321 3857 1371 3908 vi-

262 3940 319 3976 rum
337 3924 370 3976 ad
389 3927 519 3976 orientem
537 3942 553 3976 a
572 3940 602 3976 se
620 3926 738 3990 missum,
758 3926 877 3978 civilium
894 3941 981 3978 rerum
995 3928 1124 3994 peritum,
1143 3936 1254 4012 propter
1273 3926 1371 4012 publi-

263 4013 308 4049 cas
336 3998 521 4064 possessiones
540 3997 709 4064 aequandas,
736 4005 763 4048 et
788 4013 871 4064 usqne
896 4001 935 4051 ad
952 4014 1062 4082 regnum
1088 4001 1202 4054 ueniens
1222 4007 1250 4051 et
1268 4000 1371 4051 misera

262 4069 368 4119 ratione
379 4069 518 4137 congressi
537 4076 649 4121 vexatus
669 4076 695 4118 et
712 4071 911 4120 accusationem
930 4070 1058 4136 principis
1076 4070 1225 4124 simulatam
1238 4084 1370 4156 Ιοσςιιστ-

212 4197 216 4206 Ι
263 4155 328 4192 cens
347 4155 377 4192 se
395 4138 540 4207 recollegit
558 4149 645 4192 tamen
665 4143 796 4192 exanimi
815 4140 976 4203 delectione,
997 4147 1024 4191 et
1043 4141 1243 4196 circavadum'
1236 4158 1265 4195 rn
1276 4135 1371 4194 fronte

262 4213 339 4282 regia
357 4211 436 4265 sitnm
455 4211 604 4264 ascendens
620 4213 729 4265 vacavit
746 4212 884 4266 venationi
903 4229 934 4267 se
951 4211 1088 4266 delectans
1106 4215 1212 4269 assidua
1227 4215 1371 4270 exercita-
