2967 4825
261 238 333 323 su
554 245 774 323 assumis
803 243 1062 363 inlusoris

349 409 462 501 Ἔσχεν
483 409 540 482 oda
561 414 728 481 κύνταῦθα
752 411 856 478 καινόν
876 435 947 476 τινα
970 414 1025 474 καί
1046 404 1133 493 παρὰ
1154 400 1189 473 τύ
1212 405 1360 485 &copd-

258 516 354 603 νονῆ
382 520 440 584 τού
468 521 627 602 βασιλέως
658 513 886 598 διαπεραίωσις
914 508 1034 596 ὅρμον·
1084 509 1123 573 ού
1150 505 1212 591 γύρ
1235 504 1269 573 ἓν
1288 511 1361 582 ταῖς

203 605 208 619 x
259 618 376 695 πύλαις
398 622 454 683 καί
469 627 534 693 τοῖς
557 614 732 699 βασιλείοις
751 611 861 695 δόμοις
886 610 903 675 ὄ
928 611 1080 695 βασιλεύς
1104 609 1359 692 προσωρμίσατο,

205 771 212 781 .
259 718 329 782 οὐδ’
351 722 385 783 ἐν
402 721 481 783 νέων
503 720 591 805 κύμη
614 720 723 802 χωρίρι
748 718 812 778 τινί
832 711 996 811 χωρητικῷ
1017 709 1182 793 βασιλικῆς
1216 709 1361 789 δορυφο-

259 818 331 902 ρίας
355 812 376 900 ἢ
395 818 566 902 ὑπατείας,
595 819 662 880 ἀλλ’
684 817 729 889 εἷς
746 810 942 879 Ἑλενόπολιν
970 814 1055 900 αύτῷ
1081 808 1114 874 τὸ
1134 806 1287 893 σύνθημα
1306 805 1388 888 τῆςὸ

260 920 448 1001 ἀποβάσεως
463 921 597 1003 γέγονεν,
623 912 703 981 ὅπου
728 920 785 980 καί
807 914 826 998 ἢ
846 916 1006 997 βασίλειος
1024 908 1119 995 σκηνὴ
1143 909 1361 992 προύτυρίσθη

182 1014 186 1028 “
260 1021 315 1088 καί
336 1018 565 1105 προεπὴγνυτο,
584 1016 778 1083 Ἑλενύπολιν
795 1014 853 1099 τήν
874 1018 1137 1098 προύιατεθεῖσαν
1159 1018 1225 1085 τοῖς
1238 1004 1364 1094 εὔφρο-

260 1146 313 1188 οιν
335 1125 369 1186 ἐκ
391 1125 445 1204 τῆς
469 1118 680 1206 προσηγορίας
702 1114 928 1181 ε’λεεινύαολιν.·
979 1115 1054 1177 odos
1075 1113 1135 1197 γύρ
1158 1109 1237 1177 αύτύ
1258 1112 1363 1191 τούτο,

180 1296 182 1301 .
260 1221 295 1287 τύ
319 1222 380 1285 ἀπὸ
407 1224 470 1286 τῶν
490 1223 671 1303 Ἠρίοινίείς
688 1216 884 1283 Ἔλενὸπολιν
916 1214 970 1281 τὸν
991 1217 1126 1297 βασιλέα
1148 1212 1365 1296 μεθαρμόσα-

189 1354 207 1379 --2
261 1327 342 1389 σθαι
368 1316 424 1405 τὴν
442 1317 526 1386 ἓύαν
548 1318 725 1403 α’πύβασιν,
754 1318 770 1384 d
801 1316 912 1393 οἰωνύς
932 1314 1051 1400 οἷγαθὸς
1083 1322 1147 1389 τοῖς
1175 1308 1365 1402 ἀκριβοῦσιν
1376 1326 1410 1381 10

213 1497 222 1514 l
263 1420 363 1489 ἐδόκει
386 1421 426 1487 τύ
449 1422 638 1506 πράγματα·
690 1420 744 1488 καί
772 1427 808 1485 τί
823 1417 884 1503 γύρ
917 1416 962 1483 ἔτι
985 1418 1041 1500 τῆς
1061 1415 1225 1499 βασιλείου
1248 1415 1365 1499 σκηνῆς

263 1522 430 1608 ἱσταμένης
442 1529 619 1606 κατιαχθὲν
642 1523 676 1588 τύ
698 1519 912 1606 ύποστηρίζον
927 1518 1026 1604 αύτὴν
1047 1519 1140 1597 ξύλον
1155 1523 1261 1580 πεσεῖν
1282 1515 1366 1579 ταύ-

263 1649 321 1708 την
344 1623 501 1710 αἰφνηύύν
528 1625 778 1707 παρεσκεύασεν,
811 1623 855 1698 ude
888 1620 932 1705 μή
968 1618 1101 1713 elapidato
1122 1620 1165 1707 τῷ
1186 1618 1242 1683 τού
1262 1615 1366 1683 τύπου
1475 1706 1477 1715 ⁴

148 1716 152 1719 ⁴
263 1726 395 1805 ὄνύματι
417 1724 475 1809 τὴν
493 1728 551 1788 τού
567 1728 723 1807 βασιλέως
751 1727 783 1788 ἐν
803 1724 899 1811 ἀύτῷ
919 1718 1147 1805 ἐπισκήνωσινς
1169 1720 1239 1784 ἀλλ’
1262 1717 1282 1802 ἧ
1304 1720 1367 1785 τοῖν

233 1881 237 1886 .
262 1830 321 1891 νῦν
341 1821 521 1907 α’νθροίποον
536 1824 680 1909 συνήθης
701 1827 872 1909 α’βελτηριά
893 1823 947 1887 καί
968 1825 1110 1905 καχεξία,
1132 1824 1187 1887 καί
1207 1816 1249 1884 ’τύ
1273 1822 1307 1885 ἐν
1328 1823 1365 1907 τῇ
1376 1837 1411 1891 15
1477 1874 1478 1913 3

265 1923 400 2011 ύοκούση
422 1928 524 1991 πίστει
542 1920 676 1991 ἄπιστον
696 1930 751 2016 κατ’
773 1921 986 2010 ἀσύμβλητον,
1009 1922 1184 2007 α’νύλγητον
1195 1924 1249 1986 καί
1271 1923 1365 1987 τούτο
1477 1928 1478 1937 ’

265 2029 320 2091 καί
342 2028 664 2110 (ἐπολυπραγμόνησαν
686 2026 784 2091 εἴασε.
1074 2070 1076 2075 ,

364 2126 492 2213 Προῄει
509 2130 615 2191 τοίνυν
637 2124 818 2213 ὁβαριλεύς
836 2124 889 2191 καί
901 2129 957 2210 τῆς
978 2122 1061 2202 {uiue
1075 2126 1218 2210 ύποτὲρω
1241 2122 1366 2207 προὴρ-
1475 2065 1479 2255 1

264 2251 346 2312 χετο,
368 2230 428 2302 ἕως
449 2229 495 2301 τίς
518 2221 576 2311 τήν
589 2232 663 2293 ’τῶν
685 2230 881 2294 α’ναιολικοῑν
908 2230 1076 2313 λεγομένην
1102 2224 1261 2311 ἐπαρχίαν
1279 2226 1366 2291 εἰσί-
1478 2256 1479 2259 “

262 2334 363 2414 βαλε,
396 2330 452 2392 νύν
482 2333 603 2409 μᾶλλον
628 2322 707 2414 ἥπερ
730 2322 765 2394 τὸ
798 2326 951 2414 πρότερον
974 2333 1130 2419 φειδωλίηι
1152 2332 1226 2409 περὶ
1244 2325 1411 2403 πάνταςγο

264 2431 340 2506 τούς
362 2431 443 2515 ἄμφ’
465 2429 565 2495 αύτὸν
586 2431 808 2515 συνεχόμενος.
832 2427 927 2506 ἐύσας
951 2425 1009 2496 ούν
1030 2428 1071 2494 τύ
1087 2429 1141 2494 ἐπί
1160 2432 1277 2494 πεδίων
1299 2453 1366 2492 πυ-

265 2533 415 2620 ροφύροον
435 2534 686 2619 κατασκηνῶσαι,
704 2533 748 2619 τῷ
766 2536 960 2617 περιρρέοντι
985 2535 1087 2598 ταῦτα
1107 2533 1240 2618 ποταμῷ
1261 2553 1367 2614 προσ-

270 2782 274 2789 .
335 2736 361 2790 2.
381 2735 398 2802 ἧ
417 2750 461 2789 om
479 2736 510 2792 0.
600 2736 947 2809 impedimentisne.

365 2906 464 2960 Habuit
489 2908 580 2976 igitur.
595 2915 650 2960 tum
676 2923 784 2978 quoque
807 2924 907 2962 uorum
932 2910 1061 2978 quendam
1089 2915 1116 2960 et
1132 2907 1272 2984 insolitum
1289 2910 1365 2980 rogis

265 2981 444 3049 transgressio
457 2988 580 3047 portum:
598 2995 686 3048 neque
707 2982 776 3042 enirn
794 2980 827 3033 ad
845 2980 932 3033 aulam
947 2989 974 3032 et
989 2981 1078 3050 regias
1094 2981 1184 3034 domos
1202 2997 1251 3034 rex
1267 2997 1367 3036 acces.

266 3053 407 3120 sitneque
427 3052 454 3102 iu
478 3066 577 3104 novum
594 3067 690 3120 pagum
717 3051 764 3104 vel
782 3052 871 3105 locum
890 3054 935 3120 qui
963 3054 1102 3120 exciperet
1119 3053 1209 3120 regios
1231 3052 1367 3106 satellites

266 3130 312 3176 aut
331 3122 459 3176 famulos:
481 3124 529 3175 sed
546 3125 578 3175 ad
598 3123 780 3191 Helenopoliu
807 3126 831 3175 ei
855 3132 911 3175 erat
936 3128 1044 3194 (versu)
1069 3125 1158 3190 pactio
1184 3125 1299 3190 itineris,
1320 3125 1368 3178 ubi

266 3195 344 3246 etiam
363 3197 467 3263 regium
486 3195 629 3247 tentorium
649 3205 727 3247 autea
749 3196 884 3247 delinitum
901 3189 940 3246 ‘et
958 3197 1129 3261 conspitutum
1157 3203 1222 3260 erat,
1242 3196 1367 3250 Heleno.

265 3265 341 3334 polio
361 3267 431 3330 dico,
449 3266 609 3334 praedictam
628 3267 801 3334 prudentibus
822 3283 855 3319 ex
877 3269 1035 3334 cognomine
1054 3266 1245 3334 Eleeinopolin
1266 3270 1367 3337 (mise-

265 3354 320 3391 ram
338 3338 454 3408 urbem).
473 3354 562 3406 neque
581 3339 650 3390 enim
667 3338 693 3389 id
715 3339 819 3405 ipsum,
839 3340 909 3406 quod
931 3355 946 3388 u
965 3340 1054 3391 vernis
1076 3338 1109 3390 ad
1121 3337 1301 3406 Helenopoliu
1317 3355 1368 3393 rex

266 3408 421 3462 dellexisset
442 3408 573 3461 orientale
599 3412 665 3474 iter,
692 3425 770 3460 omen
786 3409 884 3460 bouum
912 3409 1052 3462 videbatur
1077 3411 1126 3475 iis,
1149 3412 1194 3478 qui
1214 3413 1367 3464 accuratius

266 3488 310 3534 res
330 3480 535 3550 perquirerent:
561 3488 641 3548 atque
661 3497 707 3531 cur
727 3481 807 3532 ctiam
825 3482 901 3549 regio
920 3483 1038 3533 tentorio
1068 3488 1155 3534 stante
1175 3481 1258 3534 fracto
1278 3482 1366 3554 liguo,

268 3552 339 3620 quod
359 3553 385 3604 id
399 3550 562 3615 sublevaret,
582 3551 657 3615 lecit,
677 3559 705 3603 ut
724 3552 776 3603 hoc
789 3561 905 3632 repentg
916 3551 1075 3605 corrueret?
1093 3557 1130 3606 ita
1149 3563 1245 3606 utnon
1263 3555 1367 3609 abhor.

268 3631 341 3676 reret
360 3639 375 3675 a
394 3622 449 3673 loci
466 3623 573 3673 nornine
593 3624 665 3690 regis
685 3625 711 3672 in
724 3626 902 3675 coversatio:
919 3626 966 3677 sed
985 3625 1129 3691 homiuum,
1149 3627 1193 3693 qui
1213 3642 1284 3679 nuuc
1304 3630 1368 3681 exi.

216 3737 224 3751 ,
269 3701 357 3755 stunt,
386 3691 501 3758 simplex
525 3693 639 3745 stultitia
669 3702 695 3744 et
719 3696 836 3762 pravitas
871 3712 1014 3764 eorumque
1034 3697 1061 3747 iu
1086 3699 1178 3764 specie
1197 3699 1260 3750 fidei
1277 3715 1367 3754 mores

268 3764 343 3815 inlidi
362 3770 389 3814 et
404 3763 500 3815 incerti
519 3766 578 3816 siue
596 3764 689 3816 dolore
708 3765 760 3816 hoc
779 3781 884 3835 quoque
911 3768 1042 3820 et.studio
1061 3785 1138 3837 passa
1159 3778 1228 3822 suut.

339 3859 503 3914 Procedebat
520 3862 603 3929 igitur
619 3879 668 3914 rex
687 3872 713 3916 et
731 3863 764 3914 ab
782 3865 886 3916 oriente
904 3865 1011 3932 longius
1030 3862 1260 3934 progrediebatur,
1278 3870 1366 3922 donec

268 3934 296 3987 in
317 3934 481 4000 provinciam
506 3949 574 4001 quac
591 3935 732 3988 Anatolicu
750 3936 865 4000 dicitur,
884 3937 991 4002 incidit,
1013 3946 1067 3989 tum
1086 3941 1169 4008 magis
1191 3956 1267 4007 quam
1287 3949 1367 3993 autea

269 4005 430 4072 parsimonia
450 4005 477 4056 in
501 4006 621 4059 omnibus
641 4009 686 4075 qui
702 4008 772 4074 apud
793 4022 852 4058 eum
872 4016 948 4058 eraut
966 4011 1134 4064 constrictus.
1170 4027 1264 4078 passus
1282 4013 1366 4080 igitur
1435 4005 1438 4010 ’

269 4074 331 4130 illos
350 4077 466 4129 tentoria
490 4077 580 4130 iacere
599 4081 626 4130 iu
650 4080 748 4145 campis
777 4078 901 4130 frumenti
933 4078 1020 4146 plenia
1039 4083 1084 4150 qui
1103 4083 1298 4137 circumfluenti
1316 4083 1368 4136 lios

269 4147 353 4203 durio
370 4148 541 4215 adiacebant,
569 4151 597 4201 iu
616 4150 757 4217 praecipiti
781 4158 808 4201 ct
825 4165 921 4217 aspero
940 4151 1002 4206 loco
1022 4155 1277 4211 commansionem
1300 4155 1370 4210 iacit
