2967 4825
554 251 764 317 marcum.
1073 350 1076 357 Ι
1131 246 1203 323 ’σθ
1279 326 1281 328 ,
1382 312 1385 319 ,

100 404 295 492 ιῖπρόθομον
325 411 366 495 τῇ
387 414 446 473 τοῦ
474 412 686 529 όψοονιασμρό
708 410 892 497 όστερησει,
916 406 1014 479 εἰπεῖν
1036 416 1071 481 δὲ
1093 418 1148 481 καί
1165 412 1201 479 τό

100 506 248 572 κάκιστον
260 512 367 592 μερος,
388 534 432 585 ως
452 514 514 576 τῶν
536 512 721 594 κρειττόνων
736 514 1002 636 ἀπελαυνομένων
1023 519 1079 601 τῆς
1101 540 1202 601 ατρα
1259 544 1263 556 “

99 609 188 683 τιιάς
211 606 316 671 dmi
283 632 317 674 τυ
340 611 485 690 μείζονος
505 607 672 695 τυγχάνειν
696 614 830 696 βαθμοῦ
849 638 883 679 τε
907 614 962 679 καί
977 608 1229 698 ο’ψοινιασμοό,λ.
1248 632 1344 693 lete.

100 706 330 789 καταγνώσεως
360 709 417 774 οόκ
439 711 524 796 α’πῆν
552 710 588 776 τό
615 712 800 797 γενόμενον,
823 716 959 801 μηδενός
979 719 1125 800 γενναίου
1142 742 1201 782 κα·

74 812 339 893 ότορθουμόνσυ,
374 811 430 876 καί
455 814 510 894 τῆς
534 812 711 898 Ῥωμαῖκῆς
741 819 816 881 ποτὲ
848 822 1121 899 μεγαλοπρεπείας
1148 821 1205 883 καί

87 906 214 991 ι’σχάος
240 910 403 996 όνάλογον.
457 916 490 993 ἐξ
511 905 550 977 orl
579 920 746 998 συνέβαινε
773 913 848 994 τοός
870 920 930 998 μὲν
945 912 1124 1000 Ῥαμαίους
1144 920 1204 982 δυ-

71 1071 74 1078 .
98 1014 239 1074 σπαθιῖν
249 1015 305 1077 καί
317 1014 587 1100 καταπληκτικοός
606 1011 754 1100 ἡγεῖσθαι
775 1016 849 1094 τοός
869 1020 1027 1095 όναντιόυς
1047 1016 1103 1084 ναί
1120 1020 1203 1104 pendi

99 1109 213 1195 φανὴν
232 1108 404 1194 όπυμίνειν
425 1117 552 1197 αότιόν,
574 1119 713 1193 ἐκείνους
745 1120 781 1184 db
803 1114 1037 1204 ε’ναβράνεσθαι
1053 1123 1112 1185 καί
1131 1122 1204 1205 elya·

100 1218 219 1295 ραχεϊν
255 1217 311 1279 καί
333 1216 415 1295 μετά
452 1222 568 1302 πολλῆς
600 1220 865 1306 προσρήγνυσθαι
895 1217 1130 1306 πεποιθηοειος,
1160 1222 1205 1297 τίς

41 1317 91 1371 (λθ
101 1336 181 1396 προς
203 1313 400 1400 ἡττηθέντας
422 1318 572 1397 πολλάκις
592 1326 802 1403 ποιουμένους
832 1322 889 1387 τόν
917 1323 1064 1405 πόλεμον.
1108 1326 1146 1401 ἐξ
1165 1314 1201 1389 ον

99 1418 159 1479 και
176 1440 207 1481 τι
227 1417 408 1504 συνηνόχθη
438 1423 705 1505 παραλογώτατον
725 1446 781 1486 και
810 1424 867 1487 οόκ
888 1421 981 1491 α’νίαν
1001 1424 1100 1506 μόνον
1115 1421 1203 1511 α’φό·

99 1518 289 1601 ρητονσίλλά
309 1525 363 1585 καί
375 1526 430 1606 τῆς
440 1508 661 1609 ‘Poeninis'
645 1527 847 1607 επικρατείας
859 1525 1013 1611 ε’πιφόρον
1031 1522 1204 1595 ἐλάττωσιν
1296 1596 1299 1605 ἡ

99 1618 159 1683 καί
170 1620 283 1703 ι’σχόος
301 1621 449 1709 μεγίστης
472 1623 657 1709 όφαίρεσιν.

206 1717 249 1785 Τό
267 1721 389 1788 Ἀννίσν
423 1721 513 1802 πόλις
537 1727 607 1790 ι’στί
633 1723 755 1814 μεγάλη
785 1730 841 1795 καί
869 1730 1130 1813 πολυάνθρωπος,
1151 1725 1208 1795 καί

54 1827 87 1883 15
99 1820 306 1905 πανταχόθεν
326 1824 464 1910 τάφροις
484 1830 523 1891 ori
542 1828 882 1913 χειροποιήτοιςοῖλλά
906 1836 1058 1917 φυσικαῖς
1080 1829 1205 1897 κοιλάσι

98 1924 156 1989 καί
168 1922 401 2001 α’όιεξοόεότοις
415 1928 471 1991 καί
479 1929 610 2010 πίτραις
623 1928 797 2010 ιῖτιοτόμοις
812 1932 1136 2014 συμπεριειλημμίνη,
1150 1930 1207 1993 καί
1240 2007 1243 2012 Γ
1341 1989 1351 1997 .

96 2048 231 2113 ποταμηι
217 2022 411 2114 βαθυδίνης
431 2052 484 2093 και
480 2029 611 2117 decep
628 2032 861 2152 περιιζασμὲηη
878 2053 914 2095 το
907 2028 1021 2115 μέρος
1034 2023 1145 2096 καθ)“
1130 2054 1203 2114 οπερ
1291 2034 1295 2046 ’

95 2126 349 2208 άπορρῶγεςκαί
368 2124 756 2212 φάραγγεςόπιλείπουσί·
780 2154 833 2197 και
829 2128 979 2215 βραχύς
992 2134 1058 2197 ἐστι
1072 2129 1166 2207 τόπος
1188 2130 1206 2194 d

96 2225 159 2301 τός
172 2225 371 2313 αμφυδονς
351 2252 435 2311 εχαν
445 2254 500 2313 της
513 2226 645 2311 πόλεως,
664 2256 718 2295 και
713 2224 833 2307 οὗτος
851 2230 1020 2316 μετεώροις
1035 2258 1088 2297 και
1084 2234 1204 2315 loxo-
1232 2250 1237 2258 '

51 2334 168 2413 λθροῖς
186 2327 416 2414 κατειχόρωται
439 2330 566 2415 τείχεσι.
620 2331 740 2416 ταύτην
769 2331 786 2397 ό
819 2334 876 2420 τῆς
904 2334 1053 2417 ἀοιδίμου
1088 2331 1204 2451 λη’ξειρς
1292 2348 1296 2357 ’

97 2428 251 2513 βασιλεῦς
272 2428 502 2516 όΜονομάχος
517 2433 683 2524 άξιυμάχηι
704 2433 861 2521 πρότερον
880 2439 1016 2525 στρατιᾷ
1036 2429 1204 2518 παραστά-

98 2534 225 2629 σασθαι
247 2530 517 2629 όναγόινισάμενος
530 2535 595 2606 ,ουίι
614 2532 776 2622 η’δυνηθη·
826 2535 1002 2622 συνθήκαις
1017 2538 1054 2602 δὲ
1073 2537 1129 2602 καί
1147 2559 1204 2620 με·

170 2722 198 2775 6.
218 2690 376 2796 άνεόλογον
393 2724 423 2779 G.

99 2879 170 2932 citus
193 2894 248 2931 uon
273 2887 329 2946 crat
356 2885 431 2931 extra
455 2881 595 2944 rationem,
623 2881 694 2950 quod
717 2889 806 2934 autem
824 2880 910 2933 nudus
930 2888 957 2933 et
974 2879 1074 2933 invitus
1094 2887 1203 2948 propter

98 2958 263 3003 commeatus
281 2951 430 3014 deiectum,
453 2953 540 3017 possis
564 2951 645 3003 etiam
664 2953 771 3018 dicer'e,
791 2954 862 3020 quod
886 2954 1001 3020 pessima
1026 2959 1098 3004 esset
1121 2967 1202 3020 pars,

98 3039 160 3074 cum
180 3022 307 3075 teniores
323 3024 493 3075 discederent
511 3025 646 3086 exercitu,
667 3026 729 3094 quia
747 3025 874 3076 maiorem
895 3023 1108 3092 adipiscebantur
1138 3037 1202 3092 gra-

97 3096 160 3147 dum
180 3101 209 3146 et
226 3102 408 3159 commeatum,
430 3096 630 3180 vituperatione
647 3110 702 3147 uon
722 3095 830 3146 carebat
848 3095 954 3160 iactum,
974 3095 1050 3147 nulla
1068 3093 1153 3146 nobili
1172 3111 1202 3148 re

98 3174 225 3234 peracta,
252 3175 280 3217 et
302 3182 318 3217 a
342 3166 443 3218 Graeca
468 3169 579 3233 pristina
598 3168 795 3236 magnificentia
815 3174 842 3218 et
858 3133 955 3218 robore,
975 3167 1103 3218 absonum
1124 3175 1200 3230 erat,

95 3255 151 3307 qua
170 3254 205 3289 ex
221 3254 253 3289 re
271 3239 377 3302 accidit,
396 3245 426 3289 ut
445 3239 539 3291 Graeci
565 3247 727 3306 angerentur
752 3247 778 3288 et
805 3238 940 3289 terribiles
965 3245 1091 3304 putarent
1110 3237 1201 3290 hostes

95 3320 179 3380 atque
197 3325 233 3361 ne
254 3325 349 3362 rocem
377 3311 482 3378 quidem
509 3325 600 3361 corum
628 3313 806 3373 sustinerent,
834 3309 874 3359 illi
902 3317 988 3360 autem
1013 3323 1043 3359 se
1071 3310 1202 3359 lactarent

96 3393 126 3434 et
146 3383 255 3450 superbi
275 3389 366 3434 esseut
389 3391 414 3433 et
439 3382 521 3433 multa
546 3399 604 3433 cum
628 3383 724 3435 fiducia
749 3381 958 3450 aggrederentur
984 3389 1012 3432 ut
1038 3387 1129 3430 contra
1155 3381 1200 3431 vi.
1274 3403 1285 3418 κ

95 3464 156 3508 ctos
179 3469 262 3520 saepe
280 3461 405 3522 gerentes
423 3452 532 3518 bellum,
556 3469 607 3522 qua
627 3471 660 3506 ex
687 3471 717 3506 re
738 3455 816 3505 etiam
836 3451 937 3520 aliquid
957 3452 1069 3518 contigit
1086 3453 1199 3502 maxime

94 3527 328 3594 inexspectatum,
363 3533 390 3575 et
416 3526 487 3592 quod
512 3541 565 3576 nou
598 3526 694 3578 solum·
709 3524 903 3593 aegritudinem
928 3522 1126 3576 intolerabilem
1153 3523 1201 3574 sed

96 3600 179 3649 etiam
198 3598 293 3650 Graeci
312 3597 477 3665 principatus
494 3598 604 3650 alierret
621 3598 829 3649 deminutionem
850 3603 878 3646 et
892 3594 996 3648 roboris
1014 3595 1120 3646 maximi
1141 3595 1200 3662 pri.

95 3671 243 3722 rationem.

197 3759 314 3811 Annium
331 3759 395 3811 urbs
415 3766 455 3811 cst
471 3774 566 3826 magna
586 3768 613 3810 et
631 3758 767 3810 bominum
792 3756 926 3809 abundans
955 3763 981 3807 et
1007 3755 1124 3824 undique
1143 3755 1201 3808 ios-

96 3830 135 3883 sis
153 3845 208 3882 non
225 3845 303 3880 mauu
331 3829 409 3882 iactis
429 3830 484 3881 sed
511 3829 675 3882 naturalibus
702 3828 819 3881 vallibus
846 3837 872 3879 ct
898 3830 970 3880 exitu
995 3827 1146 3879 carentibus
1175 3834 1202 3878 et

95 3902 214 3987 rupibus
228 3903 378 3970 praeruptis
398 3903 558 3953 circumdata
576 3910 603 3954 et
624 3901 707 3953 fluvio
727 3901 860 3967 profundo
881 3909 907 3951 et
925 3901 1063 3951 inaccesso
1084 3901 1200 3950 circum-

98 3975 188 4026 cincta
206 3975 234 4024 in
255 3983 389 4040 superte,
411 3973 456 4024 ubi
476 3989 556 4041 rupes
577 3982 604 4025 et
628 3972 715 4026 valles
738 3973 881 4036 deficiunt,
906 3978 932 4022 et
954 3969 1044 4024 brevis
1065 3977 1106 4022 est
1124 3969 1201 4021 locus

97 4047 277 4100 circumsitum
296 4047 367 4101 uiam
383 4047 523 4098 continens
540 4044 631 4110 urbis,
651 4053 730 4113 atque
751 4044 795 4094 hic
818 4009 905 4094 ardtlis
933 4049 960 4094 et
983 4041 1064 4093 firmis
1084 4042 1201 4094 iirmatus
1260 4043 1265 4050 ’
1356 4080 1360 4087 ,

97 4125 142 4170 est
164 4118 255 4169 muris.
294 4117 363 4169 banc
382 4117 474 4170 urbem
498 4117 649 4169 celebratae
673 4116 765 4167 mortis
790 4130 838 4166 rex
864 4113 1051 4168 lilonomacbus
1085 4114 1201 4183 pugnaci

97 4198 179 4243 autea
198 4190 329 4243 exercitu¹
343 4190 479 4243 subiicere
497 4189 661 4242 contendeus
681 4201 735 4240 non
763 4188 859 4256 potuit,
881 4186 1047 4254 pactionibus
1067 4189 1154 4238 autem
1174 4191 1201 4242 ei
