2967 4825
255 363 259 368 .
297 303 375 385 tto
607 291 824 380 urcnrnis
854 296 1112 376 tmtnronln

295 479 453 562 βασιλέως
468 474 666 561 χρηστότητα
682 473 876 560 συνεκρότει,
897 472 1061 560 ταῦτατῷ
1077 464 1157 556 λόγρι
1180 462 1392 552 παραδιδόναι

195 639 199 645 .
296 576 354 646 ιεαί
371 575 497 662 μνήμης
521 576 628 656 α’ξιοῦν
648 577 706 642 οὐκ
728 577 866 653 α’νόξιον.

400 681 462 762 Τῆς
488 676 548 762 γὰρ
580 682 683 763 κοινῆς
709 677 853 763 γλοόοοης
884 676 1142 760 α’παρεσκομένης
1163 668 1240 758 πρὸς
1265 667 1323 754 τὴν
1341 673 1394 789 τρεῖ

292 774 561 864 βασιλεόοντος’
540 804 698 864 αγνοοσιαν
718 783 774 844 καί
796 772 1048 864 α’κοβόρνητον”
1028 799 1175 860 εσαρσιν,
1196 797 1250 838 και
1246 773 1312 836 “’δι
1335 766 1393 836 αό-

291 884 347 965 τῆς
369 879 609 965 πανταχόθεν’
594 889 778 1000 ειιιουρρεῖν
800 879 836 944 τοὶ
859 879 946 944 δεινοὶ
969 873 1248 962 διαλεγομένης,
1223 899 1266 950 ως
1288 868 1392 939 ἕκατί·
1373 891 1413 944 -5

294 987 399 1071 ρωθεν
421 979 479 1066 τήν
500 985 652 1106 βασιλίδα
684 985 748 1047 τεόν
769 977 890 1046 πόλεων
922 983 1150 1064 περιηχεῖσθαι
1168 985 1237 1052 ταῖς
1259 979 1323 1041 τῶν
1342 1001 1391 1042 σι-

238 1127 250 1148 .
294 1085 401 1171 δήραν
425 1080 546 1169 αόγαίς
570 1077 626 1148 καί
649 1093 772 1166 τομαῖς,
793 1107 848 1147 και
868 1083 913 1168 τῇ
932 1081 1044 1146 σπάνει
1075 1081 1135 1144 τιδν
1157 1079 1338 1163 ἀναγκαίων
1356 1078 1389 1143 τό

294 1194 440 1262 τιλεῖοτον
459 1189 556 1272 μέρος
575 1188 609 1251 τό
635 1188 691 1270 ζῆν
721 1183 984 1271 οἷπορρήγνυσθαι
1016 1185 1130 1268 (τριοῖν
1149 1179 1212 1266 γόρ
1236 1176 1391 1264 νομισμό-

295 1287 393 1356 τωνδ
417 1289 473 1352 τοῦ
503 1293 594 1354 σιίου
622 1288 774 1370 μέδιμνος
809 1279 1036 1372 ἐπιπράσκετο,
1069 1280 1124 1347 καί
1149 1285 1210 1347 τῶν
1230 1275 1390 1348 θανόντων

296 1389 355 1456 otia
380 1382 419 1472 ἦν
449 1392 599 1475 ια’χόρεια
620 1387 701 1473 πρός
731 1387 765 1452 τό
788 1385 1006 1472 θάπτεσθαι),
1026 1387 1187 1469 συνῆλθον
1209 1382 1253 1459 εἰς
1276 1383 1426 1451 τοιότδνλλ

295 1487 325 1556 οἱ
346 1494 403 1575 τῆς
433 1492 657 1576 ἀρχιερατικῆς
680 1489 770 1569 α’ξιάς
799 1489 843 1576 τῷ
871 1487 1074 1572 οἷρχιποίμενι
1105 1483 1225 1551 τούτων
1257 1484 1313 1550 καί
1332 1511 1390 1550 τια-

295 1591 432 1680 τριόρχη
461 1596 597 1677 Κοσμᾷ,
618 1594 673 1655 καί
691 1593 767 1674 περί
787 1589 850 1654 τῶν
877 1586 1052 1654 ἑνεστοότων
1074 1583 1118 1663 οἷς
1142 1585 1284 1662 τὸεἰκός
1307 1589 1390 1670 ε’βου.

295 1693 451 1773 λεόοντο,
478 1693 532 1757 καί
558 1685 819 1777 ιᾷΒοτανειότη
853 1685 908 1774 την
938 1691 1113 1774 νικητήριον
1148 1688 1395 1776 apparatissimi

295 1783 409 1874 ἄρχειν
428 1796 602 1871 βασιλικῶς
614 1795 857 1878 προσετίθεσαν,
880 1791 920 1854 ου’
940 1791 1106 1874 προδήλως
1119 1795 1227 1872 μέντοι
1240 1792 1296 1854 καί
1316 1811 1391 1872 ιτρο-

295 1896 395 1972 πετεῖς
421 1893 475 1958 διό
500 1890 536 1958 τό
557 1895 592 1959 εἰι
605 1897 663 1957 τοῦ
684 1893 908 1974 βασιλεύοντος
928 1895 1008 1974 δεός,
1030 1892 1098 1956 ἀλλ’
1122 1895 1156 1956 ἐκ
1177 1893 1390 1976 συλλογισμόν
1399 1905 1426 1957 15

294 1999 349 2062 καί
377 1997 508 2077 λογικῶν
539 1996 750 2077 παραθέσεων
781 1997 836 2058 καί
859 1988 986 2075 τρόπων
1009 1990 1175 2074 ἐπιεικῶν,
1196 1993 1390 2097 συναγόντων

296 2098 342 2171 εἰς
364 2118 421 2180 την
443 2092 546 2177 ου’την
568 2092 691 2159 ἔννοιοὶν
714 2117 749 2158 τε
772 2119 823 2159 και
819 2091 1043 2179 ξόρροιαν
1013 2118 1046 2158 το
1070 2085 1298 2179 προτιθέμενον
1317 2090 1390 2175 βοό-

295 2201 408 2277 λευμα.
458 2185 504 2269 εἷς
534 2197 569 2258 δὲ
595 2213 659 2259 των
686 2187 792 2258 ἄλλων
816 2191 931 2277 γνοόσει
955 2196 1135 2280 διαφέρων
1149 2219 1202 2259 και
1224 2189 1389 2280 λογιότητι,
1458 2193 1459 2208 ¹

295 2300 351 2362 καί
371 2293 406 2362 τό
430 2293 700 2389 παρρησιαστικὸν
726 2294 948 2383 κεκτημένος’
934 2321 969 2360 εκ
991 2296 1128 2381 φύσεως,
1151 2293 1206 2380 τήν
1227 2298 1391 2382 προεδρίαι

202 2387 204 2391 ¹
293 2401 353 2480 μὲν
375 2396 458 2483 ἔχων
493 2402 549 2483 τῆς
578 2400 632 2463 τοῦ
657 2398 787 2465 Ἰκονίου
808 2400 980 2483 καθολὶκῆς
1011 2399 1194 2483 ἐκκλησίας,
1215 2398 1425 2474 Ἀσκάλωναγο

296 2502 332 2565 δδ
356 2503 493 2586 πατρίδα
522 2502 576 2584 τῆς
601 2504 751 2586 Φοινίκης
773 2501 900 2583 ου’χτόν,
922 2499 977 2565 κατ’
1006 2496 1176 2584 καρδιῶν
1206 2491 1334 2566 ἄνωθεν
1353 2500 1391 2575 αἱς

295 2603 452 2687 κορωνίδα
471 2607 656 2687 κεκτημένος
677 2600 712 2666 τό
735 2604 879 2687 εόσεβίς,
899 2598 1089 2686 τρανότερόν
1109 2624 1142 2666 τε
1164 2600 1219 2666 καί
1238 2604 1391 2666 διαλεκτι-

296 2704 433 2791 ιιοότερον
453 2706 495 2791 τῷ
516 2708 732 2793 βουλευτηρίῳ
762 2701 819 2791 την
848 2706 965 2771 οἰκείαν
994 2703 1121 2790 γνιόμην
1142 2701 1391 2791 ἐνσημηνόμενος

298 3034 410 3073 coneum
430 3024 459 3071 et
474 3018 692 3086 intempestivum
710 3025 791 3085 pato:
812 3033 881 3087 quae
900 3024 987 3070 autem
1005 3019 1091 3086 palam
1105 3021 1246 3087 tyrannice
1264 3022 1358 3091 agebat
1370 3028 1393 3073 et

296 3092 445 3145 violentius
463 3106 540 3160 quam
560 3107 593 3143 ex
612 3092 686 3160 regis
706 3092 807 3143 virtute
835 3091 961 3160 parabat,
987 3090 1054 3143 haec
1072 3094 1220 3145 narrationi
1243 3096 1346 3147 tradere
1370 3098 1394 3144 et
1455 3136 1456 3155 ,

295 3166 424 3217 ιιιοιιιοιίο
442 3163 552 3232 δόρποιο
569 3178 624 3215 non
644 3171 685 3215 est
712 3164 859 3231 indignum.
1455 3164 1456 3191 l

399 3236 464 3289 Cum
484 3237 554 3287 enim
573 3236 718 3290 communis
737 3251 825 3289 sermo
840 3252 922 3305 aegre
940 3236 1023 3289 lerret
1041 3238 1115 3305 regis
1133 3236 1293 3303 imperitiam
1305 3244 1331 3287 et
1347 3250 1392 3287 an-

303 3308 413 3376 cipitem
431 3308 602 3360 insolentiam
621 3315 648 3359 et
667 3308 843 3361 contenderet
862 3324 893 3359 ea
911 3310 1027 3379 undique
1048 3304 1160 3360 alllu'ere
1178 3308 1257 3372 mala,
1276 3309 1392 3375 utrinque

300 3381 424 3449 reginam
442 3379 545 3431 urbium
566 3381 750 3447 circumstrepi
771 3380 835 3433 ferri
856 3380 937 3432 radiis
957 3389 984 3431 et
1007 3380 1182 3445 vulneribus,
1203 3388 1284 3449 atquc
1310 3381 1393 3447 inopia

302 3467 393 3504 rerum
411 3452 624 3504 necessariarum
642 3454 781 3503 maximam
809 3461 911 3519 partem
929 3453 1011 3503 vitam
1037 3455 1179 3517 amittere,
1207 3453 1306 3521 (tribus
1332 3453 1393 3505 enim
1454 3450 1455 3455 ’

299 3521 405 3575 assibus
423 3524 525 3575 modius
545 3523 669 3575 frumenti
690 3524 825 3577 emebatur
846 3533 872 3576 et
889 3532 1052 3575 mortuorum
1070 3539 1124 3575 non
1145 3533 1201 3577 erat
1220 3524 1333 3577 facultas
1351 3538 1391 3577 se-

299 3593 514 3664 peliendorum),
534 3604 719 3647 convenerunt
736 3598 765 3647 in
785 3598 896 3648 cundem
923 3598 1011 3648 locum
1036 3598 1080 3664 qui
1105 3612 1265 3649 summorum
1291 3595 1392 3666 pontifl-

300 3682 361 3717 cum
385 3667 514 3733 dignitate
538 3675 613 3718 erant
630 3668 759 3733 praediti,
780 3669 813 3727 ad
832 3683 960 3721 summum
979 3668 1072 3720 borum
1098 3678 1233 3735 pastorem
1260 3678 1286 3720 et
1316 3667 1392 3736 patri-

298 3735 406 3787 archam
416 3736 546 3819 Cosmum,
568 3738 639 3788 etde
657 3739 816 3792 instantibus
837 3748 865 3792 ut
884 3756 932 3824 par
952 3749 1009 3791 crat
1027 3740 1225 3792 deliberabant·
1247 3750 1327 3809 atque
1344 3739 1393 3791 Bo·
1453 3796 1454 3803 ρ

297 3808 418 3858 taniatae
436 3809 564 3864 evincens
586 3809 740 3878 suffragium
758 3813 821 3879 quia
841 3812 917 3895 regie
937 3811 1083 3884 imperabat
1100 3811 1238 3875 dederunt,
1251 3827 1339 3879 neque
1356 3817 1393 3859 ta-

299 3892 360 3931 men
380 3878 467 3946 palam
487 3887 515 3932 et
533 3896 662 3948 praeceps
681 3890 791 3949 propter
810 3886 883 3951 regis
901 3892 1016 3935 metum:
1024 3878 1081 3935 sed
1103 3899 1136 3935 ex
1154 3881 1393 3935 ratiocinationibus

302 3953 462 4004 strationis
484 3953 725 4021 comparationibus
745 3963 772 4005 et
787 3955 872 4007 modis
891 3956 994 4021 aequis,
1013 3958 1058 4023 qui
1077 3956 1105 4006 in
1125 3954 1393 4007 eandemsententiam

303 4030 329 4074 et
352 4037 512 4077 consensum
534 4033 645 4094 agerent
664 4028 829 4109 propositum
850 4025 998 4077 consilium.
1035 4042 1103 4079 unus
1122 4036 1210 4078 autem
1222 4028 1318 4079 ceteris
1335 4040 1394 4092 pru-

301 4092 394 4146 dentia
416 4097 552 4149 excellens
576 4105 603 4147 et
623 4099 727 4149 ratione
749 4107 775 4150 et
793 4098 944 4149 libertatem
964 4098 1068 4151 dicendi
1086 4106 1179 4151 nactus
1199 4106 1310 4163 natura,
1325 4097 1394 4164 prin-

218 4174 222 4184 “
299 4166 419 4234 cipetum
437 4168 538 4221 babens
558 4168 708 4221 catholicae
726 4169 813 4222 leonii
832 4169 975 4235 ecclesiae,
995 4169 1129 4223 Ascalone
1147 4169 1417 4222 auteml'hoenieiac

213 4300 218 4309 ,
295 4239 384 4308 patria
399 4238 521 4310 glorians
532 4248 568 4321 lot
587 4256 604 4294 a
621 4242 769 4307 maioribus
788 4250 912 4312 tanquam
931 4257 1056 4301 coronam
1075 4243 1186 4311 adeptus
1211 4243 1354 4312 pietatem²
1372 4242 1395 4289 el
