2967 4825
262 224 343 298 232
529 217 770 296 'monneto
797 219 1063 310 ambitores,
1149 214 1152 219 ’

245 411 326 459 ’των
346 391 472 468 ου’τοός.
522 386 553 454 οἱ
580 390 615 455 δὲ
636 387 836 473 Βοόλγαροι,
865 391 999 474 πλῆθος,
1018 381 1104 467 ὅντες
1126 388 1372 475 ἀνέξερεόνητον

263 497 319 559 καί
350 497 482 580 ἀριθμῷ
513 495 800 577 καθυπσβληθῆναι
831 493 921 581 μηδ’.
937 486 1018 568 όλως
1039 488 1227 576 δυνάμενον,
1252 515 1371 573 περισ-

261 594 382 681 γνόντεςΙ
395 590 495 659 ου’τόν
518 596 563 668 εἷς
585 595 681 674 μέσον
702 588 810 679 ῶσπερ
827 594 955 659 ὑδάτων
974 597 1099 659 πολλῶν
1124 592 1243 675 ἀχανὲς
1266 596 1375 657 πέλα-

261 720 327 781 γος,
350 689 450 773 οότως
471 692 567 761 αάτόν
583 694 755 773 ἀποπνῖξαι
784 698 840 761 καί
860 698 905 771 εἰς
932 692 1153 774 ἀδιεξόδευτον
1178 692 1283 776 βυθόν
1302 718 1369 759 κιε-

261 792 449 865 ταποντίσαι
472 793 713 880 διηγωνίζοντο,
736 791 789 863 οἷα
813 800 870 882 πέρ
899 823 961 863 τισι
983 793 1106 877 κόμασι
1127 803 1192 871 τοῖς
1214 795 1402 879 τόμμασι5

216 917 222 923 ·
262 901 328 963 τῶν
351 898 492 979 δοράτων
527 896 582 959 καί
610 895 674 961 τῶν
707 890 813 961 ἀλλων
843 900 1022 977 πολεμικῶν
1050 894 1192 980 όργάνων
1221 900 1368 980 συνεχῶς

204 1011 209 1017 ’
260 994 359 1066 υότόν
382 993 631 1078 ἐπιπλήττοντες.
676 998 744 1061 ἀλλ’
767 998 882 1075 ἐκεῖνος
907 998 1041 1086 βρυγμῷ
1061 1001 1185 1072 λέοντος
1206 998 1274 1061 κατ’
1298 990 1366 1063 αό-
1401 1066 1409 1073 ,

259 1101 324 1163 τῶν
345 1098 502 1179 ἐξορμῶν,
531 1100 587 1161 καί
609 1094 685 1172 τοός
708 1096 948 1175 ἑπεισπεοόντας
973 1101 1123 1177 ἐξαισίοις
1144 1099 1368 1182 ἀναχαιτίζων
1416 1126 1420 1133 ’

259 1204 405 1283 πληγαῖς,
426 1192 502 1261 όόόν
521 1190 627 1283 ἑαυτῷ
654 1198 755 1263 ἐποίει
772 1198 828 1263 καί
859 1196 1039 1283 πρόσβασιν
1061 1194 1265 1281 ἑκατέρωθεν.
1308 1204 1369 1265 καί

242 1287 246 1292 ’
259 1295 341 1381 μετά
364 1294 397 1361 τό
422 1299 539 1380 γνῶναι
561 1295 677 1373 πάντας
698 1293 734 1363 τό
757 1300 868 1365 τοότον
891 1298 1105 1383 ἀμρατόςααί
1124 1297 1204 1383 πρός
1224 1296 1282 1375 τάς
1304 1301 1369 1364 ἀν-
1378 1326 1419 1379 10

259 1402 440 1484 δραγαθίας
462 1398 619 1476 εόσταθὲς
642 1403 697 1464 καί
718 1400 883 1486 ἀνίκητον,
909 1402 1012 1467 οάκὲτι
1030 1400 1111 1485 πρός
1133 1402 1369 1469 ἀντικαταστά-

258 1522 326 1574 οεις
346 1500 541 1582 ἀγχεμάχων
570 1494 632 1565 άπό
662 1504 781 1587 χειρῶν
799 1503 851 1589 ζείς
881 1512 994 1587 χεῖρας
1026 1501 1105 1587 πρός
1132 1501 1241 1590 μάχην
1274 1505 1368 1595 adrui

259 1599 454 1681 συνίσταντο,
476 1598 557 1665 ἀλλά
586 1601 719 1686 χορείαν
745 1607 918 1687 μονονουχὶ
943 1601 1178 1689 συστησάμενοι
1198 1602 1254 1668 σόν
1276 1602 1367 1669 aad.

256 1724 338 1783 ματι
357 1698 484 1789 μεγάλην
508 1704 550 1765 δι’
568 1698 731 1786 ιἑκηβόλων
759 1704 903 1785 ὀργάνων
933 1703 990 1769 τόν
1019 1706 1157 1789 πόλεμον
1182 1704 1367 1790 συνερρὴη.

257 1825 357 1888 νυον,
380 1799 438 1877 ἕως
460 1802 558 1878 αότός
576 1808 650 1889 {scic
672 1799 898 1889 ἀποχωροῦσιν
920 1808 1148 1893 ἐπιφερόμενος
1164 1800 1277 1891 ’ἧτταν
1299 1810 1365 1873 ov'-
1375 1834 1416 1888 15

257 1905 322 1968 τῶν
348 1906 500 1985 μεγίστην
531 1906 586 1967 καί
615 1904 736 1989 τροπὴν
773 1904 1007 1990 ἀπειργάσατο·
1063 1906 1119 1995 καί
1136 1910 1288 1987 τοσοῦτον
1309 1902 1365 1972 ότι

255 2003 337 2084 μετά
360 2002 418 2087 τὴν
438 2007 525 2087 νίκην
557 2004 683 2070 ἀπιάῶν
714 2004 794 2090 πρός
822 2005 857 2071 τό
880 2012 1001 2093 πλῆθος
1033 2011 1096 2075 τῶν
1124 2007 1280 2075 πεσόντων
1308 2010 1366 2075 καί

255 2105 320 2169 τῶν
341 2103 532 2190 φευγόντων,
555 2109 611 2169 καί
631 2100 696 2171 οἷον
722 2106 809 2197 scisci
830 2107 922 2193 ἔργον
938 2109 1018 2195 ὑπὲρ
1041 2110 1245 2195 ἀνθρωπίνην
1261 2108 1364 2195 ἶσχόν

256 2202 448 2290 ἐξείργαστο,
472 2209 665 2286 σκοτοδινίας
687 2214 839 2295 πλησθεὶς
871 2214 926 2278 καί
955 2213 1082 2297 φάσεως
1108 2214 1243 2302 ῥευστῆς
1265 2208 1359 2299 εἶναι,

256 2312 321 2381 τοῖς
336 2309 550 2390 ἀνθρωπίνοις
573 2313 687 2387 δεινοῖς
710 2311 766 2377 κατ’
787 2312 1202 2402 πάθεσιλκατακλινομένης,
1224 2316 1410 2409 ductim-20

180 2475 183 2477 Α
254 2406 346 2490 τινός,
377 2404 567 2492 αότομάτως
589 2418 624 2479 ἑκ
656 2416 714 2479 τοῦ
734 2413 832 2480 ἵππου
856 2415 936 2502 πρός
955 2421 1011 2502 γῆν
1039 2421 1257 2504 καταρρεόσας
1278 2446 1362 2486 συν-

254 2509 389 2593 νόνευκε,
413 2511 586 2597 διάβροχος
606 2518 665 2594 μὲν
696 2515 752 2580 καί
771 2521 958 2597 λελουμένος
989 2513 1035 2585 ῶν
1057 2522 1099 2609 τῷ
1120 2523 1182 2586 τῶν
1200 2522 1360 2605 πολεμίων

255 2609 377 2700 ἀπλέτῳ
400 2613 457 2677 καί
476 2619 619 2703 ποταμίῳ
642 2618 768 2700 αἵματι,
791 2620 852 2702 οάχ
874 2606 968 2704 ἦττον
991 2623 1025 2686 δὲ
1044 2621 1154 2711 καὶτῷ
1180 2622 1282 2712 οἰκείῳ
1303 2629 1361 2705 καί

327 2769 368 2822 13.
389 2775 541 2830 συνίστατο
560 2773 590 2829 (i.

255 2930 329 2984 ribus
347 2932 470 3002 affiigens
492 2944 518 2987 et
537 2945 640 2991 terreus
663 2954 717 2992 eos.
743 2941 866 3012 ‘bulgari
885 2951 982 3010 autem,
1002 2948 1047 3016 qui
1067 2949 1290 3004 erautmultitudo
1309 2953 1356 3005 in.

254 3004 428 3056 numerabilis
447 3022 537 3076 neque
554 3025 666 3062 numero
684 3011 781 3064 subiici
800 3015 857 3066 ullo
884 3018 962 3070 modo
987 3028 1127 3092 poterant,
1155 3037 1213 3073 eum
1238 3026 1356 3078 medinm

254 3075 447 3135 circumdantes
466 3086 588 3148 tanquam
608 3097 735 3150 aquarum
754 3084 894 3138 multarum
913 3088 994 3142 lotum
1013 3107 1095 3155 mare,
1115 3094 1153 3145 ita
1180 3109 1239 3146 eum
1267 3097 1354 3149 suffo-

207 3144 210 3150 '
253 3163 315 3199 carc
336 3155 364 3199 et
381 3150 409 3198 fn
429 3153 587 3219 voraginem
605 3155 791 3207 inevitabilem
809 3158 983 3228 submergere
1003 3163 1148 3229 certabant,
1175 3168 1251 3232 quasi
1274 3170 1354 3222 undis

252 3217 350 3270 ictibus
373 3219 506 3272 hastarum
529 3230 555 3273 et
574 3233 725 3278 ceterorum
742 3228 809 3280 belli
828 3230 1062 3284 instrumentorum
1081 3237 1188 3288 assidue
1215 3254 1274 3290 eum
1298 3256 1352 3292 ve-

252 3297 355 3342 xantes.
393 3293 441 3342 sed
462 3292 509 3343 ilie
528 3294 635 3348 fremitu
654 3295 740 3350 ieonis
763 3309 854 3352 contra
876 3317 922 3354 eos
942 3306 1091 3369 procedens
1110 3316 1136 3359 ct
1154 3309 1288 3364 irruentes
1306 3313 1352 3364 in.

252 3360 376 3429 gentibus
395 3364 531 3430 repellens
550 3367 647 3418 ictibus
667 3369 737 3420 viam
766 3371 816 3422 sibi
844 3372 960 3426 faciebat
988 3385 1014 3428 et
1042 3378 1140 3434 aditum
1163 3381 1307 3449 utrinquez·
1325 3393 1355 3438 et

251 3441 391 3500 postquam
411 3446 597 3503 cognoverunt
614 3453 706 3492 omnes
724 3440 803 3494 huius
828 3445 985 3498 violentiam
1011 3457 1037 3500 et
1067 3452 1175 3504 virtutis
1199 3453 1353 3506 firmitatem
1436 3458 1443 3464 '

251 3512 332 3571 atque
351 3505 480 3557 invictum
500 3509 613 3559 animum
633 3525 687 3562 non
705 3512 757 3564 iam
778 3515 811 3566 ad
829 3517 914 3568 aciem
936 3520 1053 3572 cominus
1074 3523 1194 3576 manibus
1221 3526 1253 3576 ud
1278 3541 1352 3595 pug-

250 3590 310 3626 nam
330 3591 389 3626 cum
408 3592 440 3627 eo
459 3594 489 3628 se
518 3581 730 3647 constituebant,
757 3586 804 3637 sed
826 3586 935 3640 chorum
960 3606 1047 3656 paene
1072 3605 1264 3661 componentes
1290 3615 1352 3650 cum

250 3646 424 3697 admiratione
441 3664 536 3715 magna
555 3652 736 3706 instrumentis
766 3657 930 3712 iaculatoriis
949 3661 1049 3715 bellum
1068 3665 1242 3733 instruebant,
1262 3670 1350 3722 donec

249 3717 273 3766 is
292 3717 320 3766 in
339 3717 489 3768 recidentes
508 3723 613 3772 irruens
633 3723 734 3775 cladem
763 3743 854 3782 eorum
878 3733 1016 3785 maximam
1042 3743 1069 3786 et
1095 3737 1185 3806 fugam
1213 3741 1348 3807 confecit,

235 3793 331 3852 utque
350 3793 458 3852 tontum,
479 3799 508 3841 ut
527 3800 587 3857 post
606 3795 745 3847 victorium
764 3803 912 3868 respiciens
932 3805 1126 3860 multitudinem
1146 3812 1295 3864 occisorum
1321 3824 1350 3868 ct

250 3855 418 3924 fugientium,
441 3868 467 3911 et
486 3862 565 3929 quale
584 3864 617 3916 ab
633 3881 669 3918 eo
690 3883 756 3935 opus
775 3887 854 3939 supro
873 3873 1008 3930 bominum
1029 3883 1175 3946 potentiam
1195 3883 1347 3938 confectum

250 3935 330 3992 esset,
350 3931 484 3998 vertigine
504 3945 642 4003 correptus
662 3949 689 3991 ct
706 3949 826 3995 naturam
845 3946 973 3998 incertam
993 3957 1019 4000 ct
1037 3951 1191 4012 mutabilem
1211 3971 1272 4008 esse
1291 3957 1347 4008 bu.

250 3999 334 4051 manis
352 4001 430 4053 malis
449 4012 475 4054 et
494 4006 630 4061 doloribus
650 4015 805 4078 ostendeus,
825 4033 872 4068 sua
891 4028 986 4085 sponte
1006 4037 1039 4072 ex
1059 4039 1126 4090 equo
1148 4026 1282 4078 interram
1292 4030 1346 4080 de.

249 4067 347 4122 flueret
365 4086 564 4148 corrueretque,
588 4082 707 4137 madidus
733 4095 760 4138 et
785 4087 889 4142 lavatus
918 4090 1032 4144 bostium
1058 4096 1160 4164 ingenti
1188 4105 1215 4149 et
1239 4098 1345 4154 fluviali

250 4142 381 4213 sanguine
399 4161 487 4218 oeque
509 4153 596 4206 minus
616 4154 695 4208 ctiam
714 4159 824 4228 proprio
846 4168 872 4213 et
881 4167 1005 4232 martyris
1016 4167 1191 4240 circumfusus
1203 4171 1349 4243 squalores
