2967 4825
231 240 316 357 ,τείν
528 247 747 321 nacaantrs
773 219 1058 344 ianm-orm·

239 418 414 504 συνήγαγε·
458 416 594 500 κατέγνω
614 415 676 499 γάρ
697 417 759 481 τάν
774 414 941 498 Ῥωμαίων
962 414 1120 497 ἀσέβειαν,
1142 408 1190 477 δεῖ
1214 408 1247 477 έν
1269 434 1341 477 τοι-

241 519 324 607 αύτῃ
347 519 468 605 φοβερᾷ
490 518 545 581 καί
566 520 736 605 δαυμασίρ
758 512 871 605 ἧμέρρι,
899 513 969 599 ἥτις
990 508 1108 597 ἑορτῶν
1130 514 1215 579 ε’στίν
1236 509 1340 598 ἑορτή,

240 619 298 697 τάς
318 602 431 703 χεῖρας
451 614 532 683 κατά
551 619 788 703 Χριστιανικάν
812 614 956 699 αἱμάτων
977 615 1166 697 ε’ξιδπλισαν,
1188 611 1234 699 μὴ
1253 612 1342 700 ἐφει-

238 726 335 804 μένον
366 714 404 784 δν
438 722 471 784 έν
498 716 601 807 ταύτῃ
625 713 693 795 ’τοῖς
722 715 906 802 δρδσδόξοις
936 720 1020 805 μηδὲ
1049 715 1127 781 κατά
1152 711 1343 803 ἀλλοφύλων

240 824 396 899 ἐπεξιέναι
425 819 479 885 καί
508 815 564 904 τὴν
595 817 694 905 χάριν
726 818 869 903 ὑβρίζειν
898 822 954 904 τῆς
990 816 1201 893 ἀναστάσεως.
1255 811 1368 897 ὁμωςῦ

241 922 352 1007 πράως
383 922 508 995 τούτοις
538 920 761 1006 προσενεχθείς
792 925 847 987 καί
867 915 1073 1002 συμπαθείας
1105 913 1244 998 ἀξιώσας
1263 918 1343 982 ἀπέ-

240 1028 328 1089 λυσε.
372 1021 444 1099 τούς
467 1024 503 1088 δέ
522 1027 722 1107 τραυματίας
744 1026 779 1088 έν
793 1031 862 1099 ταῖς
883 1022 1003 1105 κώμαις
1024 1021 1174 1103 ἀπέθετο,
1194 1019 1252 1105 τήν
1273 1019 1343 1084 ἐπι.

239 1129 370 1206 μέλετον
393 1126 497 1191 αὐτῶν
522 1126 696 1208 ἐπιτρέψας
720 1123 989 1209 ἀπαραλδγιστσν.

168 1221 171 1230 ’
344 1231 453 1292 Ταῦτα
486 1231 545 1292 τοῦ
571 1231 728 1308 βασιλέως
747 1225 1004 1311 μεμαθηκότος,
1034 1220 1223 1308 κατήπειξαν
1248 1220 1345 1287 αδτὸν

241 1323 322 1411 πρὸς
351 1327 411 1411 τήν
439 1323 555 1405 ἔξοδον.
598 1326 764 1411 γενόμενος
787 1320 843 1391 oda
874 1328 907 1389 έν
929 1329 968 1414 τῇ
991 1328 1158 1406 ἐπισκέψει
1181 1324 1244 1389 τῶν
1267 1327 1390 1407 ida-10

240 1431 411 1511 λαγγείων,
444 1427 499 1492 κατ’
525 1424 603 1493 κατά
630 1428 746 1512 μικρὸν
777 1428 937 1511 ἀθροίζων
967 1424 1023 1510 τήν
1049 1421 1218 1508 στρατιάν,
1247 1418 1344 1486 ὁπότε

241 1529 324 1608 κάμὲ
347 1523 426 1611 πρὸς
455 1525 512 1611 τήν
544 1527 646 1614 αάτὴν
667 1520 866 1612 λειτουργίαν
895 1524 940 1611 μή
963 1530 1097 1591 θέλοντα
1120 1526 1225 1589 ἐλθεῖν
1249 1548 1344 1606 norp—
1420 1540 1422 1544 ’

243 1626 376 1711 νάγιιασε
404 1632 448 1717 τῷ
477 1634 540 1693 τάν
561 1634 736 1715 πατρικίων
769 1626 940 1713 τετιμηκώς
966 1626 1142 1708 ἀξιώματι,
1167 1628 1265 1711 μέχρι
1284 1625 1345 1689 τσῦ

206 1760 208 1765 ’
243 1730 426 1815 Δυρυλαιύυ
453 1727 512 1813 τὴν
545 1730 649 1816 φυράν
683 1728 865 1815 ἐποιήσατο.
924 1734 1023 1795 ἐκεῖσε
1047 1728 1089 1793 δὲ
1121 1736 1205 1811 τρεῖς
1224 1725 1343 1811 ἡμέρας

242 1832 602 1919 προσκαρτερήσαντες,
634 1833 782 1919 πρέσβεις
800 1824 888 1915 ’ἧκον
922 1828 955 1895 ἐκ
976 1834 1034 1896 τοῦ
1066 1830 1267 1917 Κριοπίνου,
1287 1824 1344 1911 τήν
1355 1843 1385 1896 15

243 1930 413 2015 ὁμολογίαν
440 1936 498 2017 τῆς
524 1931 709 2011 δουλάσεως
736 1934 989 2020 ε’τιείνουσαφῶς
1022 1932 1271 2015 ἀπαγγέλλοντες
1291 1926 1346 2011 καί

168 2116 170 2122 ¹
241 2034 300 2117 τήν
321 2032 493 2117 ἀπολογίαν
517 2035 569 2119 τῆς
592 2036 815 2109 ἀντιστάσεως.
867 2040 923 2099 καί
945 2035 1052 2109 διπλοῖς
1076 2034 1253 2117 ἀμνηστίαν
1275 2031 1345 2095 έπι-

208 2186 211 2190 J
243 2135 380 2221 ζητήσας
401 2138 463 2200 τῶν
481 2134 558 2221 πρίν
576 2130 826 2219 γενομένων,ἀὸς
840 2136 942 2201 αδτσῦ
966 2137 1009 2221 μή
1030 2138 1175 2209 θέλοντος
1197 2136 1345 2212 πολεμεῖν

235 2232 273 2329 [οἱ
287 2232 442 2318 Ῥωμαῖαι
468 2235 786 2323 προσαπαντήσαντες
813 2236 1073 2322 κατηνάγκασαν,
1101 2233 1194 2317 ἔτυχε
1216 2234 1273 2315 ’τῆς
1294 2232 1344 2295 αι’-

214 2336 378 2423 ,τῆσεως,
403 2343 463 2402 rori
494 2343 652 2422 βασιλέως
684 2342 867 2426 περιχαρεῖς
904 2342 1075 2422 δεξαμένου
1108 2334 1167 2421 τήν
1195 2332 1384 2418 τσιαδτηνγρ
1437 2318 1442 2337 ’

243 2439 411 2524 ὁμολογίαν
437 2441 491 2506 διά
514 2442 547 2508 vd
570 2447 627 2508 τοῦ
657 2440 776 2528 ἀνδρὸς
795 2451 935 2525 γενναῖον
961 2444 1015 2506 καί
1035 2439 1114 2524 πρὸς
1131 2437 1188 2514 τὰς
1212 2445 1343 2517 πολεμι-

241 2539 300 2618 stoc
321 2544 451 2629 πράξεις
482 2547 539 2621 καί
560 2545 718 2623 διατάξεις
747 2546 915 2622 ἐπίδοξον·
959 2547 1013 2608 καί
1032 2541 1093 2628 γάρ
1115 2543 1170 2606 καί
1196 2535 1343 2625 Τοδρκων

242 2815 297 2862 tan
322 2809 406 2876 igitar
432 2808 587 2876 praesidens
616 2807 770 2861 Latinorum
795 2808 921 2877 princeps
940 2822 994 2860 non
1017 2806 1235 2876 intempestivum
1253 2821 1341 2876 nequo

241 2881 360 2948 ineptum
380 2889 540 2933 conventum
556 2881 726 2934 convocavit.
764 2881 898 2933 dmnnavit
918 2881 987 2932 enim
1007 2879 1166 2932 Graecorum
1178 2879 1340 2946 impietatem

243 2951 315 3020 quod
333 2950 380 3003 tali
398 2953 503 3020 ingenti
522 2959 549 3003 et
568 2952 715 3005 admirabili
737 2953 790 3018 dic,
811 2953 881 3021 quod
902 2961 942 3005 est
963 2952 1090 3005 festorum
1118 2952 1224 3015 festum,
1251 2965 1341 3002 manus

242 3031 335 3076 contra
354 3023 563 3077 Christianorum
582 3027 738 3094 sanguinem
764 3025 949 3092 paravissent,
978 3040 1035 3075 cum
1062 3039 1116 3076 non
1137 3030 1208 3076 esset
1226 3023 1280 3074 boo
1300 3022 1342 3074 die

241 3096 400 3164 permissum
419 3096 574 3150 orthodoxia
591 3113 626 3148 ne
646 3105 738 3149 contra
756 3112 875 3164 paganos
895 3097 1001 3164 quidem
1020 3097 1122 3162 egredi,
1136 3092 1341 3146 etolementiam
1437 3093 1447 3116 ²

243 3167 353 3220 eludere
370 3171 575 3222 resurrectionis
595 3169 703 3231 domini.
742 3177 830 3220 tamen
855 3167 1002 3218 clementer
1027 3182 1073 3218 eos
1101 3174 1216 3218 tractans
1246 3175 1273 3218 et
1291 3166 1342 3216 mi.

189 3305 192 3312 ¹
241 3239 388 3292 sericordia
409 3241 521 3310 dignans
540 3242 655 3305 dimisit,
676 3240 829 3293 vulneratos
847 3247 934 3290 autem
952 3239 980 3289 in
1001 3239 1077 3307 pagis
1096 3238 1229 3304 deposuit,
1250 3251 1340 3290 curam
1384 3255 1386 3264 ·

241 3312 275 3364 iis
294 3312 436 3365 advertens
455 3312 635 3365 infallibilem.
664 3313 730 3364 baec
748 3321 887 3379 postquam
897 3327 945 3362 rex
955 3311 1066 3373 audivit,
1083 3311 1269 3362 excitaverunt
1284 3324 1341 3361 eum

241 3384 363 3437 aditer.'

340 3473 454 3526 Versans
474 3475 556 3541 igitur
574 3475 601 3524 in
623 3474 763 3540 provincia
783 3471 919 3541 (delectu)
939 3471 1140 3539 Melangeorum
1152 3480 1179 3522 et
1193 3470 1271 3522 brevi
1292 3485 1341 3521 co.

159 3564 164 3572 ·
241 3561 309 3614 gens
328 3546 485 3608 exercitum,
505 3559 557 3612 qno
576 3553 697 3610 tempore
717 3546 796 3595 etiam
815 3559 857 3593 me
877 3544 909 3594 ad
927 3544 996 3595 idem
1017 3543 1134 3594 alliciam
1153 3543 1267 3594 invitum
1293 3559 1341 3593 ac-

241 3617 340 3668 cedere
368 3617 481 3683 coegit,
509 3617 681 3681 patriciorum
700 3615 834 3666 honorans
852 3615 997 3683 dignitate:
1018 3630 1102 3683 usque
1129 3615 1161 3665 ad
1181 3613 1341 3679 Dorylaeum

241 3690 367 3753 impetum
389 3687 462 3736 lecit.
500 3685 537 3736 ibi
555 3693 643 3736 autem
662 3694 716 3737 tres
736 3687 793 3738 dies
814 3703 846 3737 eo
867 3687 977 3738 durante
994 3686 1076 3755 legati
1093 3693 1253 3738 venerante
1267 3687 1341 3740 Gris-

242 3759 306 3825 pino
326 3758 524 3809 confessionem
542 3759 680 3810 servitutis
701 3757 774 3810 illius
794 3767 885 3826 aperte
904 3759 1074 3810 nuntiantes:
1094 3758 1153 3828 (hic
1183 3757 1263 3809 colon
1292 3773 1341 3825 po-

242 3829 356 3880 nendum
376 3836 402 3880 et
420 3830 561 3896 sequentia
577 3831 610 3882 ad
628 3829 742 3882 alterum
762 3833 923 3882 enuntiatam
943 3831 1085 3900 trahenda)
1097 3837 1123 3880 et
1143 3830 1341 3882 excusationem

242 3900 382 3954 seditionis
403 3909 429 3952 et
448 3917 500 3954 uno
519 3901 603 3954 verbo
623 3903 728 3954 veniam
748 3919 879 3970 quaerens
898 3910 976 3953 antea
995 3903 1139 3965 laetorum,
1161 3917 1220 3953 cum
1239 3917 1268 3954 se
1298 3903 1341 3952 in.

243 3973 326 4023 vitum
344 3972 377 4022 ad
395 3972 496 4023 bellum
515 3975 669 4043 coegissent
688 3982 861 4027 occurrentes
887 3973 991 4038 Graeci,
1019 3973 1078 4041 (bie
1106 3988 1207 4024 comma
1233 3987 1341 4046 ponen-

241 4043 447 4110 dam)·adeptus
468 4054 507 4096 est
528 4047 597 4114 quod
616 4047 740 4113 petierat,
766 4062 832 4113 rege
851 4045 996 4097 laetissime
1016 4046 1166 4112 accipiente
1184 4043 1265 4095 talem
1276 4060 1341 4110 pro.

242 4114 397 4178 fossionem,
418 4125 527 4182 propter
545 4117 597 4169 viri
623 4116 790 4169 nobilitatem
816 4117 926 4186 eiusque
953 4123 1044 4168 contra
1074 4117 1190 4169 hostium
1218 4115 1289 4167 iaota
1318 4122 1343 4165 et

245 4185 318 4244 acies
333 4185 454 4255 gloriam.
493 4190 590 4240 etenim
610 4191 689 4241 etiarn
707 4189 798 4242 luteis
818 4197 895 4241 antea
909 4203 1052 4244 occurrens
1063 4188 1231 4242 multitudine
1246 4201 1341 4256 magna
1386 4213 1390 4221 ·
