2967 4825
571 269 780 339 monn.
1069 303 1071 308 -
1154 261 1245 377 sru-
1291 337 1302 360 ,

135 421 157 512 ἢ
187 429 243 494 κατ’
271 432 583 514 προσεπιγόννσσθαι
606 437 671 504 τοῖς
697 423 780 493 οότοο
810 431 984 511 δρωμένοις
1018 418 1229 510 αόυμπαδιός.

135 523 239 613 ὄρεξις
269 532 329 615 γάρ
359 534 442 596 ἐστιν
473 525 706 614 άντιλυπήσειός
730 531 746 592 ό
772 526 891 612 θυμόςς
936 526 1013 611 ἦδέ
1044 521 1145 611 όρεξις
1173 529 1231 592 δυο
1304 545 1306 553 ⁴

137 634 261 713 σχεραῖς
282 635 315 696 έκ
338 636 397 697 τοῦ
418 634 591 717 προχείρου
615 627 884 709 κατακοιμέζοται.
930 629 983 694 διό
1006 630 1095 696 τοῦτο
1120 631 1175 694 κατ’
1190 633 1234 717 τῷ

135 732 190 814 τῆς
211 731 305 816 όργῆς
328 729 455 822 άκράττρ
475 731 754 815 χαλιναγωγιάνό
786 730 887 816 σοφός
913 727 1121 814 αὐτοκράτωρ
1145 729 1233 796 τόνδε

93 827 194 904 'sedo
216 832 311 912 νόμον
334 837 520 916 τιθέμενος,
544 834 603 915 τὴν
625 836 680 916 τῆς
700 830 856 922 τιμωρίας
879 833 1047 913 ἀνεβάλετο
1079 828 1233 913 ἔκβασιν,

136 928 196 1008 ἕως
219 924 259 996 άν
280 931 297 994 ό
319 932 425 1012 θυμός
449 935 493 1018 τῷ
525 935 729 1014 βασιλεύοντι
757 935 924 1020 πεπανθῇ,
957 933 1232 1015 τριακονθημέρων

135 1037 361 1114 προβαίνοντος
383 1031 616 1115 διαστήματος·
660 1033 713 1098 καί
724 1038 904 1118 τηνικαῦτα,
924 1035 955 1098 εἰ
967 1037 1025 1113 μέν
1046 1029 1132 1111 ἔλεος
1148 1033 1236 1122 αὐτῷ

135 1126 158 1215 ἢ
177 1133 352 1214 μετάμελος
371 1134 499 1221 εἰσέλθῃ
522 1137 579 1197 rod
598 1133 655 1215 τὴν
678 1118 851 1219 κεφαλικῆν
872 1136 1043 1214 δεξομένου
1067 1133 1233 1216 α’πόφασεν

134 1227 330 1300 εἶναιτοῦτο
351 1236 432 1297 θεοῦ
465 1233 519 1296 κατ’
543 1232 649 1313 μένειν
675 1233 729 1299 τόν
752 1225 921 1320 άνθροοπσν
944 1235 1071 1317 α’όιγῆ,
1101 1230 1178 1310 ἴσως
1199 1233 1327 1300 δόίνλδδ
1341 1259 1363 1298 r.

90 1337 191 1407 rosei
212 1330 322 1400 α’διόόν
349 1339 447 1398 ποθεν
467 1335 711 1417 εὑρισκόμενον·
745 1338 774 1400 εἰ
798 1337 826 1398 δ’
849 1329 918 1416 cdv,
935 1334 1004 1399 τότε
1027 1341 1234 1420 πεπληροφο-

135 1440 272 1520 ρημένον
291 1431 375 1501 εἶναι
395 1433 430 1499 τό
454 1441 604 1519 πράημα,
637 1436 680 1512 ὡς
698 1434 770 1500 έπεί
787 1460 845 1518 περ
870 1430 963 1501 οόδέν
986 1463 1016 1502 τι
1052 1432 1236 1500 κατεδυσοό-

135 1561 234 1622 πηοεν
255 1536 272 1598 ό
292 1534 410 1620 χρόνος
433 1535 486 1600 τόν
507 1535 683 1622 α’νάκτορα,
705 1542 759 1602 καί
784 1543 823 1603 δε

134 1639 390 1722 συμψηφόζεται.
435 1639 466 1702 εἰ
486 1636 547 1721 γάρ
571 1640 604 1702 όν
635 1640 678 1726 τῷ
700 1637 897 1724 παφλάζοντι
917 1642 972 1720 τῆς
996 1635 1091 1720 ὀργῆς
1114 1639 1237 1716 δέξεται

133 1744 194 1819 μέν
218 1731 387 1819 ἅνθρωπος
409 1741 633 1824 θανατηφόρον
649 1736 777 1822 πληγήν
802 1733 822 1820 ἢ
842 1737 952 1820 χειρός
974 1735 1110 1820 έκτομὴν
1132 1731 1154 1820 ἢ
1176 1736 1238 1822 όφ-

90 1843 269 1920 spesspes
291 1837 441 1924 έκκοπὴν,
473 1839 599 1915 οἷνεθείς
630 1843 665 1904 δέ
688 1843 741 1924 τῆς
773 1840 868 1922 όργῆς
902 1834 1033 1921 ὕστερον
1065 1837 1081 1900 ό
1115 1839 1239 1922 spurcis

131 1937 310 2022 μετάμελον
329 1943 437 2024 έληται
465 1939 521 2003 καί
540 1940 598 2023 τὴν
620 1940 785 2024 α’πόφασιν
805 1941 1064 2004 ἀνακαλέσασθαι
1084 1939 1241 2024 βουληθῇ,

133 2045 181 2116 τίς
205 2040 224 2124 ἦ
246 2043 301 2106 τοῦ
330 2043 509 2122 μεταμέλου
538 2041 696 2126 ω’φέλειας
726 2043 856 2128 τινες-δ’
880 2039 1019 2123 ἔριννόες
1047 2039 1241 2124 μεταμελητό

133 2145 191 2207 καί
223 2139 277 2206 τόν
298 2141 455 2224 κολαστήν
485 2143 544 2207 ου’νι
566 2140 735 2222 έλάσουσι,·
765 2147 840 2208 ποιά
865 2143 900 2206 δέ
933 2143 986 2207 καί
1012 2139 1064 2208 τόν
1094 2139 1240 2206 παθόντα

137 2243 223 2326 λόπη
244 2245 284 2306 ου’
304 2246 501 2326 διαδέξεται,
535 2239 583 2308 ότι
605 2243 682 2327 πρός
710 2243 767 2329 την
795 2242 966 2329 α’νάκλησιν
990 2243 1242 2327 άπερράπισται;

90 2349 241 2427 poscito
273 2337 329 2408 σόν
358 2345 375 2409 ό
412 2344 843 2432 βασιλεόςμεγαλοφρόνως
877 2341 1159 2429 κατασκεψάμενος
1189 2345 1243 2408 κατ’

138 2446 324 2533 προσθήκην
359 2448 444 2513 ι’διάν
473 2450 513 2533 τῇ
536 2451 635 2537 νεαρᾴ
655 2448 753 2535 ταότη
777 2442 1055 2531 προσανεμάξατο,
1086 2444 1242 2523 συντάξας

89 2601 93 2606 ,
138 2550 174 2623 ,έν
195 2547 279 2635 αὐτῇ
301 2551 352 2613 ἵνα
380 2547 462 2630 μετά
494 2550 549 2634 τὴν
582 2552 854 2633 τριακονθήμερον
877 2537 1154 2631 όπομιμνὴσκηται
1175 2544 1241 2609 πά·

139 2656 190 2714 λιν
211 2649 227 2713 ό
248 2652 414 2731 βασιλεύς,
435 2650 489 2714 καό
505 2646 589 2717 οότω
613 2649 648 2715 τό
664 2655 763 2734 πέρας
783 2652 975 2735 άποτελῆται
998 2645 1242 2737 ἢσυγχοιρῆται

141 2752 197 2833 τῆς
219 2748 421 2835 despenser.
1278 2754 1280 2758 ’

213 2888 257 2940 23.
277 2889 457 2943 ἀποτελεῖται
477 2885 494 2953 ἢ
515 2888 742 2961 συγχωρεῖταιῦ.

143 3036 239 3103 cupido
260 3036 329 3087 eninr
349 3043 390 3087 est
405 3034 516 3089 ultiouis
534 3038 587 3088 irar
608 3038 704 3103 cupido
724 3045 811 3088 autem
826 3054 907 3105 segre
927 3040 954 3090 in
969 3045 1074 3103 promtu
1093 3040 1244 3108 exstingui.

144 3116 201 3159 tur:
223 3116 368 3175 propterca
396 3108 476 3159 etiam
500 3110 557 3159 irae
582 3110 722 3176 impotenti
749 3108 852 3161 frenum
878 3110 985 3176 sapiens
1013 3112 1157 3178 imperator
1176 3111 1245 3161 hanc

142 3178 232 3246 legem
256 3179 395 3245 imponens
421 3194 527 3245 poenae
545 3180 648 3232 distulit
674 3180 793 3245 exitum,
819 3182 905 3233 donec
933 3183 973 3233 iro
1001 3183 1060 3249 regi
1078 3182 1245 3250 mitigaretur

143 3251 253 3319 triginta
278 3251 379 3301 dierum
405 3252 596 3318 progrediente
621 3254 723 3319 spatio:
750 3260 831 3321 atque
859 3261 913 3303 tum
932 3256 955 3305 si
980 3254 1164 3305 misericordia
1186 3268 1245 3305 eum

143 3323 189 3373 vel
206 3322 374 3389 poenitentia
390 3322 498 3374 invadat
524 3325 582 3373 eius
610 3326 656 3391 qui
675 3324 791 3390 capitale
810 3326 929 3392 suscepit
946 3325 1083 3389 iudicium,
1113 3339 1173 3377 esse
1193 3324 1244 3376 hoc
1262 3366 1275 3389 ,

143 3394 188 3445 dci
207 3401 234 3442 et
253 3408 361 3443 manere
380 3392 514 3444 homiuem
533 3396 676 3461 intactum,
702 3396 817 3449 fortasse
837 3398 917 3449 etiarn
935 3395 1068 3469 insontem
1087 3396 1244 3447 inventum:

142 3466 186 3517 sin
208 3462 303 3527 aliter,
319 3471 390 3515 =tum
417 3474 498 3517 rutam
526 3463 585 3518 esse
602 3482 678 3531 rem,
697 3469 775 3534 quia,
801 3469 847 3521 ubi
872 3468 941 3521 nihil
960 3464 1132 3520 dubitationis
1151 3468 1245 3519 iniecit
1292 3476 1295 3483 ·

142 3546 248 3600 tempus
275 3535 448 3602 imperatori,
473 3539 552 3589 etiam
579 3539 644 3591 deus
670 3538 741 3589 malo
769 3540 825 3592 eius
851 3542 1004 3593 assentitur.
1052 3540 1150 3591 etenim
1175 3540 1198 3590 si
1216 3539 1244 3589 in

142 3607 273 3674 flagrante
290 3607 330 3659 iro
348 3610 465 3675 accipiet
483 3609 562 3661 homo
578 3611 745 3663 mortiferum
755 3613 846 3678 ictum,
865 3614 925 3671 siue
943 3628 1034 3665 manus
1052 3612 1245 3663 abscissionem

142 3681 203 3732 sive
222 3676 361 3730 oculorum
383 3681 530 3746 excidium,
549 3682 678 3736 liberatus
703 3690 791 3735 nutem
809 3685 849 3737 ira
873 3693 966 3752 postea
983 3685 1127 3751 imperator
1145 3682 1244 3750 poeni.

143 3752 252 3803 tentiam
271 3752 407 3818 concipiat
421 3760 448 3804 et
464 3756 622 3807 sententiam
640 3764 786 3810 retractare
801 3757 883 3810 velit:
903 3772 970 3825 quae
995 3758 1045 3808 erit
1062 3755 1244 3827 poenitentiae

143 3818 269 3873 utilitas?
305 3839 375 3891 quae
394 3824 479 3876 iuriae
499 3842 533 3877 ex
555 3829 722 3895 poenitentia
747 3830 825 3881 etiam
852 3831 1038 3897 castigatorem
1060 3842 1115 3879 non
1142 3824 1244 3895 agenti

145 3892 232 3963 qualis
253 3894 332 3945 etiam
350 3895 477 3948 afflictum
495 3900 636 3967 aegritudo
661 3915 716 3952 non
736 3901 871 3968 excipiet,
901 3902 971 3969 quod
996 3902 1029 3953 de
1053 3902 1244 3953 retractatione

144 3974 186 4017 est
204 3965 352 4018 deiectus?
371 3968 438 4020 haec
456 3971 539 4038 igitur
556 3989 606 4025 rex
618 3970 786 4041 magnanime
806 3972 957 4046 deliberans
979 3973 1058 4023 etium
1076 3972 1243 4025 additamen-

143 4043 198 4088 tum
217 4040 354 4105 proprium
371 4042 500 4095 novellae
518 4045 581 4099 huic
601 4047 751 4113 adspersit,
771 4046 936 4097 constituens
952 4046 980 4097 in
1002 4060 1045 4108 eo,
1066 4053 1095 4097 ut
1114 4050 1244 4111 post-tri.

76 4164 78 4166 ,
144 4110 225 4234 giuta-
239 4111 296 4236 dies
315 4115 487 4169 admonentur
504 4133 596 4174 rursus
614 4134 663 4171 rex
682 4119 763 4170 etita
780 4118 840 4173 fluis
859 4118 1013 4185 perficiatur
1031 4124 1077 4170 out
1096 4119 1244 4175 remittatur

145 4195 194 4236 sen
208 4197 241 4236 en
252 4198 305 4237 roe.
