2967 4825
429 315 433 323 -
527 216 532 229 x
566 277 775 346 amoma„
1174 280 1222 352 ιτ
1323 367 1327 374 ι

220 433 449 520 Ὀρδριοότερον
480 439 515 503 δὲ
546 432 792 523 προσβαλόντων
818 444 883 514 τοῖς
908 438 1095 525 ἀνακτόροις
1125 466 1226 527 στρα-

100 536 275 601 ’τιωτικοόν
297 536 424 621 α’νδροόν
442 540 496 602 καί
515 539 664 621 γενναίων
685 538 767 621 μετὰ
793 540 901 625 dorlon
934 543 1053 605 νιολλοό
1073 546 1129 606 καί
1148 546 1225 625 βαής

118 635 174 700 καί
193 636 274 720 η’χής
295 641 475 721 σαλαιγγων
487 663 521 704 τε
543 665 595 704 και
591 637 813 722 βοκινων,“
785 665 893 725 ωσπερ
915 645 1041 727 τοφαῖνι
1058 642 1224 727 βληθείςό

117 732 269 817 βασιλεύς
293 738 336 823 τῷ
360 739 547 828 ἐξαισίῳ
509 766 563 822 της
581 742 735 857 ταραχής,
757 745 819 808 τσῖν
841 741 1024 858 ἀνακτόρων
1043 740 1136 817 ἐκδύς
1157 768 1225 830 φυ-

91 834 176 919 ὄγύς
198 829 297 924 ᾤχετο
322 836 557 915 διαπόντιος
527 865 572 915 εις
592 839 650 922 τήν
671 864 726 905 του
714 843 895 913 Στοοδίου
913 840 1023 927 μονήν,
1043 846 1098 908 καί
1116 867 1225 927 περιε-

115 936 252 1019 χύμενος
273 939 336 1003 τεόν
365 940 494 1005 α’δότων
521 941 652 1026 σ’σαδής
678 944 867 1027 ἐφιλονείκει
896 946 1135 1028 συντηρηδήναι
1169 969 1224 1019 και

115 1034 161 1139 μή
190 1040 279 1116 δίκας
303 1041 416 1105 δούναι
440 1044 500 1106 τού
514 1042 818 1126 δνοσιουργήματος.
873 1043 982 1127 ἀλλ’ἢ
1005 1046 1076 1127 δίκη
1092 1044 1148 1128 τήν
1164 1069 1225 1108 κα-

115 1140 249 1225 ταδίκην
272 1142 356 1229 ου’τρι
379 1142 436 1205 oda
457 1144 502 1219 εἰς
523 1140 652 1227 μακρόν
671 1142 853 1225 α’νεβόλετο.
897 1138 1034 1219 ἅπαντες
1055 1142 1117 1227 γὰρ
1137 1146 1222 1227 dorl-
1223 1179 1227 1185 ·

114 1264 225 1365 χοντες
246 1247 313 1306 κατ’
347 1244 450 1307 ου’τού
479 1245 651 1326 εἰσήλασεν
680 1246 726 1319 εἰς
758 1242 793 1307 τό
802 1239 926 1347 ἱερόγ,
957 1269 1011 1307 και
1008 1247 1087 1333 βίρι
1109 1248 1223 1311 τούτου
1296 1254 1300 1260 ’

69 1366 104 1420 10
115 1344 206 1415 εκτος
228 1339 458 1421 ἑλκύσαντες“
439 1342 556 1433 ημιόνερ
576 1348 638 1410 τεόν
658 1327 893 1464 εὐτελεστέρων
907 1369 960 1408 και
976 1349 1129 1410 ταπεινῶν
1142 1342 1224 1431 po'pn

112 1468 165 1510 τον
186 1446 299 1510 τοῦτον
330 1446 457 1509 τιθέασι
487 1451 732 1529 καταγέλαστον.
791 1471 844 1509 και
870 1438 968 1527 ύχρε
978 1447 1034 1509 τού
1063 1449 1222 1530 Σίγματος

114 1541 301 1630 φθάσαντος
313 1542 413 1627 δόγμα
430 1550 636 1633 κατεφοίτησε
648 1550 703 1630 τής
716 1543 967 1632 Αδγσύστης,
931 1570 989 1630 την
1003 1544 1144 1629 πήρωσιν
1158 1548 1221 1612 τεόν

113 1644 292 1731 ὀφθαλμῶν
306 1648 407 1712 ου’τού
430 1646 484 1711 καί
498 1650 556 1712 τοῦ
572 1649 798 1732 αατραδίλφου
813 1642 910 1712 edroi
923 1652 980 1712 τοῦ
993 1652 1221 1732 νωβελλισίμου

113 1747 231 1811 αύτίκα
245 1746 500 1830 ἐγκελευόμενον·
523 1750 620 1832 συνῆν
640 1746 702 1831 γὰρ
725 1752 780 1814 καί
802 1738 894 1823 οὗτος
915 1749 1013 1836 αύτῷ,
1038 1744 1222 1830 σύμβουλος

67 1864 103 1917 15
114 1842 184 1928 ἅμα
207 1849 262 1912 καί
275 1846 461 1933 συλλήπτωρ
478 1849 533 1914 καί
548 1852 603 1933 τής
618 1852 743 1931 οίκτρός
756 1848 871 1933 ταύτης
883 1852 980 1934 τύχης
995 1848 1144 1925 κοινωνός
1158 1875 1220 1912 κα-

115 1947 315 2030 θιστάμενος.
359 1944 600 2035 κατενεχθέντες
624 1943 680 2015 odo
701 1954 763 2015 τεόν
783 1946 920 2035 ἡμιόνων
939 1952 1070 2032 σ’τίμως,
1095 1950 1220 2016 πόντων

116 2046 272 2132 όροόντων,
295 2047 352 2125 τός
375 2050 473 2136 κόρας
493 2054 556 2116 τοόν
577 2049 757 2135 δφθαλμοόν
780 2048 1000 2136 ε’κεντήθησαν.
1043 2054 1101 2114 καί
1119 2073 1220 2133 συνα-

114 2150 312 2231 υοβύλλουσι
336 2150 392 2229 τοὶς
414 2146 506 2234 ὄψεις
529 2156 568 2240 τῇ
587 2157 756 2240 βασιλείηι,
779 2155 834 2216 καί
850 2153 1010 2238 μοναχική
1025 2153 1221 2235 παραδεδω-

112 2276 168 2317 ται
186 2254 287 2340 βιοτῇ,
311 2252 451 2339 διήγημα
482 2255 643 2339 γενόμενοι
670 2252 864 2336 σκυθρωπόν
884 2264 948 2329 τοῖς
969 2259 1143 2335 μετέπειτα,
1159 2251 1221 2317 καί

62 2352 197 2435 woodo
224 2351 259 2418 τό
303 2364 442 2440 κρεῖττον
475 2354 693 2439 ἐπανόρθωσις
724 2357 788 2419 τῶν
809 2354 1018 2439 ἀ’γνωμονεῑν
1045 2352 1220 2418 ἐθελόντων

113 2478 195 2536 προς
213 2479 288 2532 τους
311 2455 594 2542 εὐεργετήσαντος.ἱ
641 2456 830 2540 ἐβασίλευσε
861 2457 896 2520 δὲ
925 2454 942 2518 ό
965 2451 1104 2538 Μιχαήλ
1126 2445 1219 2528 οδτος

113 2578 220 2640 μηνας
240 2554 359 2638 μόνους
379 2563 477 2624 πέντε.

179 2660 281 2743 Τῆς
301 2661 336 2724 δὲ
367 2659 576 2744 δεσποίνης’
561 2684 594 2725 εκ
622 2661 676 2744 τῆς
708 2638 880 2744 όσερορίας
907 2655 1144 2739 εαανελδοόσης
1164 2657 1221 2721 καί

111 2756 173 2845 τήν
194 2753 361 2841 βασιλείαν
383 2751 480 2837 αύδις
508 2761 749 2872 ἀναλαβούσης,
780 2762 966 2846 συνέρχεται
999 2759 1098 2845 ταύτη
1121 2754 1219 2840 καίή
1253 2765 1255 2781 “

174 2922 214 2974 15
234 2921 317 2994 τύχης
336 2937 386 2973 om.
400 2921 421 2975 G
423 2922 579 2991 ‚supplevit
598 2923 677 2974 etiam
693 2923 835 2990 interpres.
911 2921 952 2974 18.
971 2923 1018 2988 τῆς
1033 2919 1217 2993 ροισιλείαςῦ

215 3062 281 3115 Gum
308 3070 395 3112 autem
420 3077 497 3114 mane
525 3063 735 3130 aggrederentur
762 3063 864 3130 regiam
889 3060 1019 3114 militares
1050 3061 1170 3113 homines
1192 3068 1220 3113 et

113 3135 199 3192 sortes
217 3132 301 3184 multo
322 3149 380 3184 cum
405 3134 518 3185 tumultu
539 3143 566 3185 ct
588 3133 704 3186 clamore
729 3143 756 3185 et
779 3135 869 3184 sonitu
892 3133 1013 3184 tubarum
1030 3132 1218 3184 buccinarum..

111 3221 177 3274 que„
197 3205 271 3272 qnasi
292 3204 398 3255 turbine
416 3206 484 3256 ictus
503 3221 552 3257 rex
571 3206 697 3256 immensa
715 3205 884 3268 turbatione,
905 3207 981 3272 regia
1001 3220 1124 3272 egressus
1144 3204 1219 3273 lugi-

112 3279 186 3327 tivus
204 3291 234 3326 se
256 3277 386 3343 corripuit
403 3285 474 3328 trans
494 3293 565 3328 mare
587 3277 618 3326 ad
630 3277 714 3328 studii
737 3275 899 3327 domicilium
919 3285 947 3326 et
965 3275 1129 3342 amplectens
1146 3284 1218 3326 tem-

112 3347 186 3416 plum
215 3347 357 3398 incolumis
382 3348 503 3399 studebat
526 3349 628 3400 servari
651 3363 739 3415 neque
767 3362 868 3413 poenas
888 3346 997 3398 solvere
1018 3347 1115 3397 nefarii
1135 3347 1218 3408 lacti3

111 3420 162 3472 sed
179 3421 292 3470 iustitia
299 3433 412 3486 poenam
439 3420 462 3469 ci
488 3434 541 3469 non
561 3420 605 3470 diu
626 3418 741 3480 distulit3
775 3433 866 3473 omnes
896 3420 966 3468 enim
985 3417 1129 3468 frementes
1148 3431 1218 3467 con.

111 3501 155 3542 tra
174 3506 232 3541 eum
251 3492 408 3542 invaserunt
426 3490 570 3557 templum,
592 3499 618 3541 et
640 3491 669 3542 vi
689 3489 759 3540 hunc
779 3498 863 3555 entra
871 3488 1007 3540 trahentes
1028 3487 1100 3538 mulo
1122 3504 1155 3539 ex
1172 3488 1218 3540 vi.

112 3561 228 3613 lioribus
249 3570 275 3612 et
292 3561 430 3612 humilium
450 3575 517 3612 onus
533 3561 603 3613 hunc
616 3563 755 3629 imponunt
772 3536 912 3612 ridiculum
931 3569 1012 3628 atque
1030 3560 1118 3610 donee
1129 3559 1218 3626 Sigma

110 3641 192 3684 antea
210 3635 325 3684 inustum
345 3641 425 3696 esset,
445 3633 580 3684 decretum
605 3635 743 3699 praecepit
762 3632 899 3699 Augustae
925 3632 1102 3683 alienationem
1120 3630 1217 3682 oculo.

110 3721 170 3756 rum
192 3706 250 3757 eius
270 3714 295 3756 et
315 3671 440 3756 avunculi
454 3706 511 3755 eius
525 3704 685 3756 nobilissimi
700 3704 788 3764 statim
805 3705 979 3770 imperatum
1000 3703 1092 3755 aderat
1109 3703 1179 3754 enim
1191 3709 1219 3753 et

111 3777 158 3827 bie
177 3777 203 3827 ei
222 3777 345 3828 conscius
363 3775 441 3827 simul
456 3777 594 3838 atrocius,
613 3783 639 3825 et
653 3775 731 3826 huius
745 3777 860 3826 miserae
873 3774 995 3825 fortunae
1009 3775 1143 3840 particeps
1157 3775 1218 3825 exi.
1255 3820 1262 3830 ,

112 3857 204 3910 stens3
224 3847 305 3898 delati
323 3849 406 3914 igitur
425 3846 530 3897 amulis
547 3847 661 3912 turpiter
680 3846 800 3897 omnibns
819 3845 1000 3912 spectantibus
1011 3845 1128 3911 pupillas
1148 3858 1216 3894 oca..

112 3919 199 3970 lorum
222 3921 347 3985 expuncti
366 3925 436 3980 sunt,
455 3925 482 3968 et
501 3917 578 3968 simul
598 3917 711 3985 perdant
729 3916 829 3969 lumina
848 3931 906 3967 cum
918 3930 1013 3984 regno,
1033 3924 1060 3967 et
1077 3915 1219 3967 monacbi-

112 4004 162 4041 cae
180 3990 319 4041 traduntur
331 3991 413 4051 vitae,
435 3987 527 4040 labula
545 3988 607 4040 lacti
622 3989 705 4040 tristis
717 3990 842 4054 posteris,
860 3996 888 4039 et
898 4003 979 4039 eausa
995 3987 1097 4055 lastigii
1115 4001 1217 4052 eorum,

112 4062 159 4128 qui
179 4062 277 4130 ingrati
297 4076 357 4113 esse
384 4059 512 4112 volebant
542 4077 606 4129 erga
630 4059 700 4112 bene
719 4060 752 4111 de
779 4075 809 4112 se
826 4061 946 4111 meritos.
983 4061 1110 4128 regnavit
1129 4065 1219 4110 autem

110 4132 230 4187 bliehael
245 4132 289 4183 hie
308 4146 415 4184 menses
434 4131 509 4184 solos
527 4134 655 4202 quinque.

214 4202 279 4260 cum
300 4212 388 4256 antem
412 4203 519 4288 domina
545 4219 579 4256 ex
602 4205 747 4273 peregrina
764 4211 835 4256 terra
862 4203 975 4256 rediret
980 4211 1008 4258 et
1023 4217 1135 4271 regnum
1155 4215 1218 4253 rur-

169 4301 251 4356 llt'od.
272 4301 355 4356 Attal.
373 4299 441 4356 lior.
1015 4301 1033 4354 2
