2967 4825
265 230 310 305 tt
384 320 404 338 ρ,
437 192 440 199 ’
554 232 774 319 nicolaus
804 226 1063 297 amantorsa

260 396 304 476 τός
323 398 475 481 βασιλεός
496 400 667 482 διοίκησιν,
692 394 786 485 didam
809 390 931 468 θλάσας
953 394 1058 478 φυγῇ,
1080 385 1155 464 τοός
1177 388 1212 451 δὲ
1234 383 1371 461 λοιποός

260 500 401 586 άκμητας
424 499 479 565 καί
496 496 550 565 τόν
570 494 682 581 ἴουχσν
698 497 936 618 ἐπανθοῦντος,
959 487 1013 569 σός
1041 495 1077 556 dd
1097 494 1152 557 καί
1171 487 1367 606 προσηβους,

258 602 408 684 έκτομίας
442 593 713 687 άπεργασάμενος.
770 621 822 659 και
856 592 1002 679 τὸγένος
1038 594 1143 657 aaron
1169 589 1280 655 τοῦτον
1308 587 1368 653 τόν

258 702 375 785 τρόπον
398 704 635 785 καταστρέψας,
658 692 785 816 άφρυνα
803 700 895 781 ζῆλον
917 698 1120 781 προσφέρειν
1133 716 1198 769 τοις
1221 698 1367 766 συνετοῖς

258 800 379 889 iteret,
402 804 601 885 ἐψιλωμένον
620 793 737 865 ἑαυτὸν
758 796 917 882 τοσαότης
934 798 1085 881 βοηθείας
1106 793 1160 857 κατ’
1181 791 1399 876 υυγγενιιιῆς5

255 903 454 989 βοηθείας
433 877 705 987 απεργασάμενος.

352 1004 480 1085 Ἀμέλει
501 1026 549 1069 τοι
567 1004 622 1069 καί
642 1000 721 1067 κατά
737 1027 795 1085 την
815 998 908 1066 θείαν
921 1024 972 1064 και
969 989 1190 1083 ’πάνδημον
1177 994 1288 1081 εορτὴν
1308 996 1372 1077 τῆς

256 1100 445 1222 dnsp'poodc
468 1102 672 1179 ἀναστάσεως
695 1104 840 1186 Χριστοῦ
861 1104 918 1165 τιό
938 1099 1057 1165 θιοό“
1039 1100 1138 1184 ημῶν,
1160 1091 1230 1181 η’τις
1252 1093 1366 1176 πάσχα

255 1204 413 1289 σωτήριον
433 1213 497 1281 τοῖς
520 1201 778 1287 όρθοόόξωςξ
722 1201 820 1281 όοξάζ
803 1204 892 1281 ζουσι
914 1197 1141 1282 διωνόμασται,
1164 1200 1220 1281 τῆς
1232 1201 1367 1279 βασιλι-

257 1309 315 1387 κῆς
346 1304 607 1388 εότρετιιζομένης
635 1304 773 1385 προόδου
810 1299 839 1365 οἱ
870 1303 926 1385 τῆς
955 1295 1073 1385 άγυράς
1103 1298 1414 1386 προιξόρχοντες,1θ

247 1408 360 1475 ,πέπλα
381 1402 493 1488 σηρικό
526 1407 703 1480 πολυτελιός
725 1406 928 1487 ἐξοφασμένα
958 1406 997 1489 τῇ
1013 1405 1060 1488 γῇ
1082 1395 1364 1481 καταστρώσαντες

257 1506 310 1571 ἀπ’
335 1506 440 1570 adreio
460 1507 521 1571 τάν
543 1504 724 1589 ἀνακτόρων
745 1506 841 1587 μέχρι
865 1505 929 1568 τῶν
947 1508 1005 1569 τοῦ
1025 1499 1201 1586 σεβασμίου
1224 1496 1279 1562 καί
1299 1520 1365 1578 με·

256 1612 363 1691 γίστου
385 1610 463 1671 ναοῦ
498 1608 551 1691 τῆς
579 1606 635 1669 τοῦ
665 1609 749 1669 θεοῦ
774 1602 867 1687 λόγου
900 1604 992 1689 άγίας
1014 1603 1132 1689 σοφίας
1156 1601 1286 1677 πολιόν,
1308 1602 1366 1663 έπί

255 1704 377 1783 τούτοις
401 1706 454 1771 τόν
474 1710 610 1791 βασιλέα
634 1705 715 1789 μετά
737 1710 792 1790 τῆς
820 1708 1062 1792 όορυφοροόσης
1091 1700 1190 1767 αότόν
1210 1700 1364 1778 εόταξίας

257 1811 394 1873 διελθεῖν
418 1807 592 1896 φιλοτίμως
614 1808 883 1893 παρεσκευάκασι.
924 1804 1005 1889 μετά
1029 1809 1064 1871 δὲ
1081 1808 1183 1870 ταῦτα
1204 1828 1257 1869 και
1278 1826 1362 1867 κατα
1373 1825 1408 1877 15

227 1992 230 1996 v
254 1906 312 1993 τὴν
331 1912 405 1974 νέαν
427 1908 581 1993 κυριακίην
602 1911 742 1995 ἑφιππου
777 1914 833 1992 τῆς
856 1907 996 1994 προόδου
1019 1907 1226 2031 γεγενημένης
1251 1907 1400 1989 έπερι

255 2006 450 2075 πετάννυντο
473 1999 535 2073 τόδε
555 2011 681 2075 κάκεῖσε
704 2036 740 2074 τα
734 2006 912 2133 “πολυτελη
927 2013 989 2074 τάν
1012 2008 1211 2095 ὑφασμάτων
1233 2031 1285 2071 και
1312 2007 1362 2069 τί·

253 2134 323 2197 μια,
342 2135 394 2175 και
415 2109 529 2229 κόσμος
552 2104 644 2187 ἄλλος
664 2113 779 2201 χρυσῶ
802 2116 857 2175 καί
879 2108 1009 2199 α’ργόρηι
1031 2108 1277 2208 καταστράπτων
1298 2131 1362 2172 συ-

255 2215 355 2295 νεχάς
377 2206 594 2296 όπτρήρτητο,
623 2211 680 2275 καί
708 2213 772 2275 πάν
804 2210 837 2276 τό
865 2215 919 2295 τῆς
946 2213 1064 2295 α’γοράς
1079 2210 1363 2297 ·στεφανηφοροόν

253 2336 306 2379 και
303 2304 393 2378 ὀἷον
416 2309 565 2395 ἓορτάζον
592 2309 786 2397 χαρμόσυνά
809 2337 877 2377 τινα
905 2315 960 2375 καί
981 2310 1188 2401 σωτηριτόόη
1201 2314 1359 2390 κατιλαμ·
1370 2330 1406 2384 2⁰

252 2413 406 2501 πρόνετο
451 2414 470 2498 ἦ
508 2417 543 2478 δὲ
567 2437 737 2498 προπομπη
768 2403 940 2498 θαυμαστη
967 2437 1009 2500 την
1030 2401 1094 2476 όντι
1121 2436 1174 2476 και
1171 2407 1359 2509 βασιλικη,

228 2587 231 2610 1
254 2513 459 2598 πανταχόθεν
480 2519 653 2602 εόφημίαις
676 2518 929 2602 συγκροτσυμένη
964 2537 1017 2578 και
1047 2510 1161 2597 χάρισι
1186 2538 1237 2577 ιαι
1260 2535 1359 2576 ποια·

254 2621 391 2698 νισμοῑς
401 2617 586 2702 όξαιρομένη
608 2620 664 2702 τῆς
682 2615 820 2696 πόλεως,
852 2612 974 2701 πλην“
955 2639 1031 2682 οσον
1058 2613 1094 2680 τό
1117 2617 1187 2680 τοῦ
1195 2613 1358 2699 συνήθους

325 2821 350 2873 6
368 2783 512 2892 βοηθείας]
535 2821 679 2890 σπουόῆςῖ
697 2840 730 2876 an
750 2822 882 2896 άρωγῆςθ
990 2823 1033 2874 11.
1053 2816 1205 2894 συριιιάΟ
1270 2817 1272 2821 ’
1310 2818 1354 2872 16.

330 2893 537 2964 rp’tunovc.
620 2896 679 2949 23.
699 2890 730 2951 τό
750 2903 911 2963 suspectum.

253 3092 349 3152 gentes
369 3093 395 3135 et
415 3086 514 3136 circum
541 3088 650 3153 primam
676 3087 783 3139 barbam
802 3086 942 3150 docentes,
972 3085 1116 3137 nonnullos
1141 3086 1219 3136 etiam
1237 3091 1355 3134 maturos

254 3156 390 3207 iaciendos
411 3160 516 3209 curaret
538 3158 694 3223 cunuchos,
725 3167 752 3211 et
770 3175 855 3242 genus
874 3175 949 3210 suum
971 3157 1023 3209 hoc
1047 3157 1124 3208 modo
1144 3155 1286 3218 deleret,
1279 3170 1360 3223 msa-¹

252 3243 314 3278 num
332 3228 446 3280 studium
463 3228 590 3281 adhibere
603 3231 776 3297 prudentibus
795 3232 868 3282 visus
889 3237 955 3294 est,
959 3232 1004 3299 qui
1023 3237 1097 3281 tanto
1117 3227 1218 3280 anxilio
1242 3235 1268 3276 et
1288 3240 1354 3292 pro.

252 3300 410 3368 pinquorum
431 3300 531 3368 opibus
544 3317 573 3353 se
593 3303 713 3355 nudaret

351 3372 473 3424 Attamen
492 3373 572 3427 etiam
590 3375 681 3425 divino
702 3381 728 3424 et
748 3372 878 3425 communi
899 3373 968 3425 festo
987 3351 1154 3425 admirandae
1172 3369 1354 3423 resurreetio-

251 3444 292 3494 nis
313 3443 412 3495 Christi
435 3445 479 3496 dci
498 3445 592 3508 nostri,
615 3444 684 3511 quod
705 3444 804 3511 pascha
823 3445 989 3496 salutiferum
1021 3444 1079 3495 ab
1072 3446 1105 3495 ris
1124 3444 1169 3513 qni
1188 3459 1271 3494 verae
1289 3442 1353 3493 fidei

251 3513 348 3564 addicti
368 3523 428 3564 sunt
440 3516 602 3566 nominatum
622 3524 685 3579 est,
691 3531 751 3565 cum
771 3518 848 3584 regia
865 3525 1004 3583 pararetur
1022 3531 1126 3582 pompa,
1145 3514 1278 3566 antistites
1301 3513 1354 3564 lori

251 3585 387 3652 stragula
390 3585 482 3636 Serica
501 3587 619 3652 pretiose
639 3595 711 3638 texta
727 3585 798 3638 humi
818 3596 981 3639 sternentes
983 3588 1044 3639 inde
1063 3603 1078 3638 a
1097 3588 1172 3654 regia
1191 3588 1248 3653 ipsa
1267 3599 1355 3653 nsque

251 3657 284 3706 ad
306 3665 396 3738 portas
415 3655 578 3708 venerabilis
600 3666 626 3708 et
645 3659 751 3726 maximi
776 3660 868 3726 templi
887 3660 1034 3726 sapientiae
1053 3666 1160 3710 sanctae
1182 3657 1290 3709 divinae
1307 3671 1355 3706 ra.

252 3727 332 3778 tionis
353 3727 380 3777 in
400 3727 440 3779 his
460 3736 489 3778 ut
508 3745 554 3779 ren
576 3745 634 3779 cum
653 3730 746 3781 ordine
764 3731 908 3782 satellitum
931 3746 989 3782 eum
1009 3731 1150 3781 comitante
1169 3729 1356 3797 ingrederetur

253 3799 372 3850 certatim
407 3799 561 3851 effecerunt.
610 3801 706 3852 deinde
732 3811 836 3867 autem,
860 3805 938 3854 etiam
957 3817 1027 3853 nova
1046 3802 1089 3852 die
1113 3801 1181 3852 festa
1201 3816 1258 3850 cum
1278 3800 1355 3882 equis

252 3884 348 3944 pompa
369 3871 446 3921 lieret
474 3873 572 3922 circum
595 3872 749 3924 sternebant
772 3873 863 3925 hicet
887 3873 945 3925 illic
963 3874 1082 3940 pretiosa
1100 3872 1205 3924 textilia
1224 3879 1263 3921 et·
1269 3871 1354 3922 aesti-

251 3949 341 4004 mata,
374 3950 400 3993 ct
420 3950 527 3994 ornatus
546 3942 614 3994 alius
632 3959 696 3995 auro
716 3952 742 3995 et
759 3953 871 4014 argento
900 3945 1005 4011 fulgens
1035 3943 1183 3994 eminebatz
1208 3950 1234 3992 et
1262 3956 1354 3994 omnes

252 4013 297 4080 qui
318 4014 351 4062 in
372 4012 430 4064 roro
460 4022 530 4065 serta
560 4015 689 4087 gerebant
716 4024 742 4066 et
762 4017 858 4069 festum
885 4015 1054 4067 celebrabant
1079 4015 1142 4066 laeti
1172 4023 1199 4064 et
1222 4013 1354 4083 salutares

253 4085 470 4136 ostentabantur.
491 4087 643 4152 prosecutio
664 4095 751 4138 autem
777 4087 940 4140 admirabilis
959 4095 1016 4138 erat
1034 4101 1131 4137 revera
1148 4093 1177 4137 et
1194 4086 1278 4153 regia,
1299 4098 1353 4133 un.

251 4156 331 4228 dique
359 4156 592 4212 acclamationibus
618 4158 745 4228 applausu
774 4168 801 4211 ct
826 4159 919 4227 gratiis
944 4167 971 4210 et
992 4141 1137 4229 paeanlbus
1166 4157 1235 4210 elata
1261 4154 1354 4219 urbis3

848 4270 1476 4820 l
