2967 4825
521 272 522 275 ’
551 252 760 323 ltts'rontt.
1154 261 1204 335 65

104 410 248 475 κολάκων
267 409 487 493 νιανιεόματα.
531 412 712 495 α’πόπειραν
733 418 769 481 dd
790 419 847 501 τής
871 419 973 483 αότοό
992 427 1207 506 προαιρέσεως

103 509 289 593 ποιούμενος
302 511 318 575 6
331 514 481 593 βασιλεύς
494 538 580 590 τινας
596 519 820 602 μητροπόλεως
841 523 1053 603 προεστῶτας,
1077 518 1208 605 οόςξκαό

103 614 312 695 λογιωτέρους
328 617 393 678 τῶν
412 608 546 680 ῶλλων’
532 619 706 703 εγινωσκεν,
730 615 773 693 ῶς
786 619 882 684 αότὸν
896 623 1083 689 α’ποστέλλει
1098 628 1207 691 όιαλε-

104 716 254 794 ξομένους
274 719 349 797 περό
368 718 425 779 τοῦ
446 713 505 800 τήν
522 716 620 802 τιμήν
643 724 842 785 καταθέσθαι
863 720 918 785 κατ’
936 721 980 805 μή
991 723 1130 815 συνόόηι
1154 732 1209 791 κατ’

78 812 247 903 5συλλόγρι
262 825 436 902 περιφανεῖ
453 818 754 902 όημοσιευθήναι
717 846 757 885 τα
771 822 839 884 κατ’
855 824 965 887 αότοῦ.
989 818 1150 901 α’νόλωτος
1172 828 1208 893 δὲ

102 910 229 990 τοότοις
251 916 365 1001 όφθοις
387 915 441 981 κατ’
457 916 683 1041 μ’περότρεπτος
697 924 729 997 ές
750 948 790 985 τα
781 920 950 1005 μάλιστα,
967 926 1033 989 και
1032 931 1208 1011 πυρόπνους

103 1014 163 1099 τήν
185 1019 332 1099 γλῶσσαν
353 1018 408 1082 καό
428 1020 487 1102 τήν
508 1020 622 1103 ὁρμήν,
645 1024 894 1107 καταιόεσθήναι
909 1025 1039 1103 τοότους
1058 1030 1208 1112 πεποίηκε

103 1116 158 1180 κατ’
180 1114 286 1192 ἱκέτας
311 1116 390 1203 πρός
412 1120 445 1185 τό
467 1118 649 1204 συγγνοόμες
669 1132 807 1210 τυχεῖν..
832 1123 1057 1203 ἐπανελθόντες
1080 1120 1137 1193 οόν
1158 1132 1207 1193 εό-

102 1225 174 1282 πεῑν
196 1222 295 1282 έκεῖνο
317 1219 396 1302 πρός
418 1220 474 1284 τόν
495 1224 664 1304 πέμψαντα
691 1227 931 1309 συνεστάλησαν
963 1224 1114 1351 ρόόαμῶς
1130 1226 1209 1313 “6r·

62 1318 243 1437 λοτήμεθα,
264 1323 416 1402 βασιλεῦ,
432 1320 607 1407 ήττήμεθα,
629 1330 776 1407 κρείττων
798 1324 974 1390 α’πτιλῶνό
999 1325 1098 1414 όνήρ,
1126 1354 1210 1395 παν-

100 1420 155 1496 τός
179 1423 275 1504 λόγου
298 1423 353 1486 καό
375 1425 543 1497 παθοῦς’
529 1422 755 1509 ισχυρότερος,
785 1424 866 1490 α’λλό
887 1433 942 1493 κατ’
962 1431 1103 1514 λαβής“
1083 1431 1209 1516 απόοης

101 1524 209 1629 πολλῷ
222 1524 266 1611 τιή
286 1522 442 1608 περιόντι
450 1522 628 1609 α’νῶτερος
644 1528 674 1591 εἰ
696 1516 752 1590 οόν
774 1530 818 1614 τηῖ
833 1526 1044 1656 ἀνεπιλήπτῳ
1055 1532 1110 1596 κατ’
1130 1557 1209 1596 ακα-

102 1610 285 1743 τρήωνιστρι
317 1622 526 1707 προσβάλλειν
557 1628 698 1707 ἐθέλεις,
720 1616 908 1711 α’ναλογόζου
936 1629 992 1714 τήν
1023 1623 1123 1716 ἧτταν
1155 1658 1208 1697 και
1293 1668 1299 1679 ·

100 1721 157 1789 τόν
182 1721 331 1791 ἐντεῦθεν
350 1724 558 1807 μετόμελον.”
600 1726 720 1793 τοότων
740 1730 885 1814 α’κηκοῶς
918 1758 935 1797 ο
955 1733 1109 1815 βασιλευς
1130 1734 1209 1800 σόν-
1237 1788 1242 1795 .

63 1832 179 1901 15νους
198 1816 238 1910 ήν
260 1829 316 1891 κατ’
335 1828 571 1913 πεφροντικώς,
603 1832 670 1905 πῶς
700 1830 756 1895 καό
783 1836 853 1895 τόνα
875 1832 990 1916 τρόπον
1017 1842 1081 1913 τοῖς
1106 1838 1208 1918 πρόγ-

101 1952 186 2009 μοισι
205 1931 384 2013 χρήσαιτο,
428 1932 461 1994 ἐν
485 1933 529 2017 τῷ
555 1935 642 2019 μέσῳ
666 1935 701 1997 δὲ
724 1935 781 1996 τοό
809 1938 888 1998 θεοῦ
917 1932 1058 2015 κρεῖττόν
1080 1958 1110 1997 τι
1129 1956 1207 2017 προ-

101 2034 318 2116 βλεψαμένου,
341 2032 374 2095 όν
397 2022 506 2119 εἰρήνη
529 2032 738 2113 μεταλλάττει
755 2032 790 2095 τό
815 2035 870 2116 ζῆν
893 2028 1105 2117 όόρχιερεός,
1127 2058 1209 2119 προ-

103 2127 274 2254 θεωρήσας
303 2128 361 2214 τήν
390 2131 481 2196 θείαν
502 2132 690 2254 μετάκλησιν
715 2134 757 2197 δι’
789 2132 957 2198 ὅσιὀυκαί
977 2137 1127 2218 μεγίστου
1150 2134 1210 2259 τήν

105 2227 227 2316 α’ρετήν
253 2231 345 2313 οἱμόυ
378 2232 511 2318 α’νόρός,
539 2235 591 2296 κατ’
623 2225 674 2296 ότι
699 2244 765 2308 τοῖς
792 2238 827 2300 έν
858 2233 991 2317 όσκήσει
1022 2239 1078 2299 κατ’
1102 2237 1209 2324 όγνεόρ

18 2330 358 2436 λθεόαρεστήσασιν
393 2336 580 2419 όναριθμιος
607 2326 671 2416 ῶν,
695 2337 835 2424 ἐνμέσῳ
869 2339 924 2418 τῆς
952 2333 1079 2421 μνήμης
1101 2338 1209 2399 αότῶν

105 2434 240 2557 πρὸτῆς
269 2437 328 2498 τοῦ
348 2439 489 2522 σωτήρος
521 2435 611 2555 ήμῶν
630 2382 736 2522 Ἰήσοό
763 2440 911 2562 Χριρτοό
942 2435 995 2501 διό
1019 2442 1208 2556 ριλανθροο-
1281 2496 1284 2503 ,

105 2536 183 2600 πόαν
205 2529 500 2622 ένανθρωπήσεως,
507 2540 570 2602 τῶν
585 2539 737 2624 φθαρτῶν
756 2541 810 2602 κατ’
829 2540 987 2661 ἐπικήρων
1002 2537 1060 2622 τήν
1074 2533 1208 2658 ἄφθαρ-

105 2659 157 2702 τον
181 2634 266 2721 ζωήν
288 2663 341 2703 και
337 2636 545 2724 όνῶλεθρον
564 2638 826 2704 όντοιλλόττεται.
878 2641 932 2703 καό
953 2640 1125 2726 προέβη
1091 2666 1129 2706 τα
1151 2642 1209 2724 τῆς

106 2737 315 2830 προρρήσεως
335 2744 555 2818 τελειωθέντος
576 2747 646 2807 κατ’
667 2742 787 2817 έκεόνας
808 2739 866 2816 τοῖς
888 2739 1010 2827 ἡμέρας
1031 2743 1087 2805 τοό
1110 2740 1208 2827 6666-

178 2925 203 2979 6.
224 2931 380 2998 περίπνουο
399 2926 429 2983 G.

105 3099 242 3152 dentiores
261 3099 358 3151 ceteris
376 3097 519 3162 indicebat,
535 3099 571 3150 ad
590 3113 648 3150 eum
667 3100 756 3163 mittit,
776 3101 820 3167 qui
840 3115 899 3151 cum
919 3115 951 3151 eo
971 3108 1083 3170 agerent
1101 3101 1133 3153 dc
1146 3103 1207 3171 dig.

105 3173 190 3223 nitate
210 3171 375 3237 deponenda,
395 3185 465 3222 neve
485 3178 620 3222 conventu
640 3179 666 3220 et
686 3171 802 3222 concilio
820 3170 929 3254 publico
949 3188 1018 3240 quae
1037 3183 1128 3225 contra
1148 3190 1208 3225 eum

106 3243 318 3312 divulgarentur.
348 3243 464 3294 invictus
484 3251 571 3293 autem
590 3242 631 3294 bis
651 3257 781 3310 apparens
801 3251 828 3293 et
846 3244 968 3294 immotus
986 3246 1099 3296 maxime
1119 3252 1145 3297 et
1164 3247 1207 3297 el-

105 3315 184 3368 batns
204 3314 298 3382 lingua
317 3322 343 3364 et
361 3316 462 3380 impetu
480 3321 509 3364 ut
529 3314 642 3380 puderet
663 3328 709 3365 eos
729 3313 802 3378 lecit,
824 3322 850 3364 et
869 3323 1024 3367 orarentsut
1041 3315 1119 3367 sibi
1111 3331 1207 3384 ignos-

110 3394 200 3440 ceret.
219 3385 324 3437 reversi
341 3387 423 3454 igitur
441 3385 580 3452 quominus
607 3385 674 3437 illud
692 3386 813 3437 dicerent
830 3385 862 3436 ad
886 3386 1033 3437 mittentem
1051 3387 1221 3439 r'etineban-'

82 3470 148 3544 ,τοι
165 3458 244 3510 nullo
269 3458 363 3508 ιιιοόο·
389 3457 454 3507 victi
479 3455 582 3520 sumus,
608 3473 672 3521 rex,
699 3457 764 3508 victi
783 3472 891 3520 sumus,
911 3457 1007 3508 melior
1026 3466 1066 3509 est
1083 3460 1207 3510 minitans
1259 3479 1263 3487 ¹

105 3535 157 3596 vir,
177 3529 249 3580 omni
269 3530 391 3580 oratione
412 3536 438 3579 et
456 3529 537 3580 suada
555 3528 679 3591 validior,
699 3528 747 3579 sed
766 3530 845 3579 etiam
863 3494 1015 3581 i6lirmitate
1035 3531 1106 3581 omni
1123 3531 1206 3582 multo

106 3603 239 3672 superior.
275 3600 369 3668 quodsi
397 3599 489 3666 probri
521 3607 655 3666 expertem
688 3607 714 3651 et
737 3599 866 3650 invictum
895 3592 1006 3668 aggredi
1030 3603 1088 3665 vis,
1113 3610 1208 3668 reputa

107 3676 210 3728 cladem
237 3679 264 3724 et
286 3673 348 3723 inda
375 3680 576 3728 consecuturam
600 3671 800 3738 poenitentiam.
833 3670 886 3722 his
913 3671 1008 3724 auditis
1026 3688 1078 3724 ren
1092 3674 1208 3739 prudens

107 3748 188 3800 fiebat
214 3752 242 3796 et
259 3745 404 3812 cogitavit,
430 3743 562 3826 qpomodo
580 3742 659 3794 rebus
679 3749 808 3796 uteretur.
845 3744 948 3793 interea
973 3751 1060 3794 nutem
1079 3745 1130 3796 deo
1147 3759 1208 3794 me-

107 3819 159 3872 lius
185 3816 250 3884 quid
273 3816 463 3881 previdentc'
457 3830 484 3864 1n
509 3829 576 3881 paee
594 3812 725 3881 relinquit
743 3814 824 3864 vitam
843 3812 965 3878 pontifex
982 3815 1109 3867 maximus
1129 3822 1221 3866 antea-

109 3891 228 3942 sentiens
247 3887 363 3938 divinum
382 3886 551 3937 vocationem
571 3892 680 3968 propter
698 3884 735 3950 pii
757 3892 784 3934 et
801 3885 909 3934 maximi
927 3885 1053 3936 virtutem
1071 3888 1124 3939 riri
1142 3902 1208 3937 son-

109 3963 153 4025 oti,
174 3967 201 4011 et
220 3942 291 4025 quod
308 3959 377 4008 inter
396 3964 529 4022 spectatos
549 3957 678 4008 exercitio
694 3963 720 4005 et
739 3956 880 4006 sanctitate
897 3965 1050 4008 numeratus
1068 3959 1095 4008 in
1106 3972 1208 4008 memo.

108 4034 148 4084 ris
175 4045 266 4082 eorum
291 4044 338 4095 pro
368 4028 510 4081 salvatoris
528 4029 613 4080 nostri
632 4027 693 4078 lcsu
713 4025 813 4080 Christi
832 4026 946 4078 humana
966 4030 1085 4094 corporis
1104 4043 1208 4081 assum.

110 4106 200 4172 ptione
225 4099 380 4152 mortalibus
406 4108 433 4151 et
457 4101 563 4154 caducis
589 4097 762 4152 immortalem
780 4099 862 4151 vitam
881 4108 909 4150 et
928 4097 1099 4150 indelebilem
1116 4108 1207 4152 mutat.

112 4184 137 4228 et
156 4175 248 4228 evenit
265 4173 429 4240 praedictum
447 4171 572 4225 defuncto
591 4170 647 4225 illis
666 4169 759 4224 diebus
779 4176 887 4238 pastore
905 4184 1016 4236 summo,
1037 4178 1064 4223 et
1080 4185 1208 4241 τιαροε-

177 4285 260 4346 tttot·
279 4283 362 4339 Atrat.
381 4284 449 4340 tlte.
992 4283 1009 4337 5
