2967 4825
222 200 304 299 ooo
457 198 730 303 'munimus
762 188 1030 298 iustioris
1144 233 1159 262 -·

222 499 284 562 τάν
305 493 395 561 ἰδίων
415 497 580 569 πλείστους
601 487 696 570 ὅσους
719 491 901 578 surpasse,
915 495 979 561 καί
998 498 1119 577 μάλλον
1139 495 1201 562 τάν
1214 495 1327 581 Φράγε
1414 577 1419 581 ¹

186 586 190 594 ¹
222 621 299 682 γαν,
318 599 374 661 καί
395 587 490 672 αύτδς
520 597 601 661 κατά
633 593 802 682 πρόσωπον
835 599 881 684 τῷ
909 599 1002 661 δουκί
1034 595 1239 680 άντιταχθείς
1272 602 1328 664 καί

223 701 300 780 παρ’
322 698 425 762 aocet
449 697 701 782 καταπονηθείς,
724 701 769 774 εἰς
798 697 855 781 τήν
885 702 941 782 τῆς
964 698 1198 784 Θεσσαλονίκης
1215 688 1325 784 ’άκρά.

189 866 193 876 ,
222 805 313 865 πολιν
333 801 555 886 διαπέφευγεν,
581 791 721 879 οἰόμενος
743 803 787 890 τρῖ
804 802 863 864 τού
886 805 1043 886 φρουρίου
1066 801 1380 890 περιτειχίσματιῡζ

173 922 178 934 ’
223 903 333 984 κέρδος
352 925 382 966 τι
405 897 508 989 ἐαυτῷ
527 897 800 986 περιποιήσασθαι
822 901 1074 985 soloecistam.
1131 897 1205 966 ὅδὲ
1225 906 1326 984 σεβα-

222 999 298 1076 στύς
325 998 437 1085 μηδέν’
458 995 540 1077 ύλαις
568 998 728 1084 μελλήσας
758 1001 813 1085 τήν
843 995 962 1068 ἅλωσιν
992 1005 1050 1066 τού
1071 1001 1238 1090 ,φρουρίου
1262 1009 1326 1078 τοῖς

152 1182 158 1199 ,
224 1101 306 1186 άμφ’
326 1097 423 1166 αύτύν
441 1103 660 1185 προετρέψατο
669 1127 681 1187 '.
720 1103 751 1165 οἱ
773 1103 809 1169 δὲ
828 1101 1009 1186 προσβολάς
1030 1103 1165 1187 ἐνεργοῖς
1187 1098 1326 1185 ποιησά-

194 1284 200 1296 ,
223 1225 324 1284 μενοι,
348 1200 405 1266 καί
423 1199 611 1277 τούςένδσν
629 1204 859 1289 Θεσσαλονίκης
881 1203 1169 1289 συμφρονήσαντας
1192 1201 1325 1286 ἔχοντες,

225 1301 310 1386 ταχύ
340 1302 455 1367 τούτου
478 1299 689 1386 περιεγένοντο
717 1303 773 1369 καί
803 1310 860 1388 τῆς
885 1306 1092 1390 ,ἀκροπόλεως
1122 1307 1324 1390 ἐκυρίευσαν.
1336 1329 1376 1383 10

224 1404 281 1473 καί
298 1401 506 1488 κατασχεθεὶς
530 1395 623 1482 οὗτος
644 1410 700 1471 καί
717 1409 962 1491 σιδηροδίσμιος
977 1405 1110 1488 γεγονώς
1127 1406 1181 1471 καί
1200 1409 1244 1494 τῷ
1264 1409 1326 1472 τάν

224 1496 388 1588 τυράννων
422 1505 507 1595 νόμην
538 1507 738 1590 κατάκριτος,
770 1502 931 1592 άπεστάλη
958 1509 1000 1596 τῷ
1026 1511 1158 1586 βασιλεῖ
1187 1507 1240 1572 διὰ
1264 1511 1326 1572 τῶν

225 1612 386 1692 δημοσίων
402 1613 507 1674 ἵππων
535 1610 720 1693 φερόμενος.
765 1612 819 1693 τής
840 1611 867 1672 δ’
893 1599 1040 1692 ἀγγελίας
1061 1605 1181 1693 ταύτης
1202 1631 1324 1696 προκα-

112 1695 118 1703 ’
225 1709 427 1794 ταλαβούσης
451 1707 509 1785 τάς
527 1706 697 1791 βασιλικάς
719 1687 840 1791 άκίιάς,
853 1708 1039 1795 πρόσταγμα
1067 1713 1173 1793 γέγονε
1193 1707 1252 1788 τάς
1272 1711 1327 1774 κύ-

224 1833 286 1896 ρας
303 1806 529 1896 έκκεντηθήναι
557 1813 620 1875 τιύν
648 1804 866 1877 άποσταιικιύν
896 1813 1082 1896 ὀφθαλμῶν.
1133 1814 1189 1876 καί
1207 1811 1325 1876 τούτου
1339 1831 1375 1885 15

216 1907 391 1994 ’γενομένου
413 1916 486 1977 καθ’
507 1910 547 1999 ήν
566 1910 736 1998 σννήντητο
759 1909 908 1997 πάροδον,
928 1905 1009 1998 itis
1031 1915 1071 1977 δι’
1083 1904 1205 1997 οἶμ’άξης
1227 1916 1341 1978 έλεει,

160 2078 161 2081 ,
224 2010 280 2086 νύς
302 2008 419 2098 φόρτος
448 2018 506 2078 καί
516 2016 691 2097 ’δυστυχὲς
711 2014 924 2097 καταγώγιον.
977 2011 1012 2078 αἱ
1033 2016 1068 2078 δέ
1091 2018 1149 2078 τού
1169 2017 1326 2110 βασιλέως

107 2196 110 2200 ⁴
224 2111 305 2199 πρύς
326 2111 360 2178 τά
380 2118 468 2179 θεῖον
496 2115 700 2202 εύχαριστίαι
733 2113 789 2179 καί
810 2119 889 2200 πρὸς
911 2114 984 2192 τούς
1012 2115 1171 2200 ύπηκύους
1193 2114 1325 2202 εύεργε-

224 2217 294 2280 σίαι
317 2213 373 2280 καί
389 2219 578 2301 πανημέριοι
594 2220 771 2302 φιλοτιμίαι
790 2214 824 2280 τὸ
847 2217 1012 2282 άνένδοτον
1028 2209 1114 2299 εἶχον
1135 2215 1187 2280 cisi
1209 2220 1265 2280 καί
1282 2215 1345 2294 τάς-

224 2313 278 2382 διά
299 2321 439 2398 πρανοῦς
460 2321 628 2401 διεχέοντο.
997 2336 1001 2342 ·
1336 2345 1373 2401 20

320 2416 370 2483 Ἐν
391 2407 416 2508 ᾧ
438 2421 475 2485 δέ
498 2417 535 2483 τά
559 2422 782 2503 στρατεύματα
803 2424 836 2486 έν
855 2422 1073 2510 Θεσσαλονίκη
1096 2424 1325 2505 διεκαρτέρουν,
1359 2484 1361 2489 s

224 2518 350 2590 Σκύθαι
363 2524 420 2604 τής
433 2520 568 2606 ε’ρημίας
581 2521 703 2587 τούτων
716 2521 760 2596 ὦς
780 2520 915 2606 ἑρμαίαν
933 2520 1125 2605 δραξάμενοι
1138 2523 1178 2610 τῇ
1198 2523 1327 2606 Ἀδρια-

224 2618 373 2689 κουπάλει
394 2625 627 2708 προσήγγισαν,
651 2621 707 2687 καί
727 2632 791 2701 τοϊς
820 2621 904 2699 έκτὸς
934 2627 992 2689 τού
1013 2624 1137 2707 τείχους
1159 2621 1327 2707 οἰκήμασιν

227 2716 465 2810 έπιρράξαντες,
488 2722 776 2811 παραβοηθούντων
800 2724 909 2803 αύτοῖς
931 2728 987 2791 καί
1004 2724 1069 2791 άπὸ
1092 2726 1149 2791 τού
1170 2748 1327 2807 μαχιμω-

124 3036 128 3042 -
229 3008 355 3061 aberrans
377 3017 465 3061 autem
484 3008 628 3062 sconsilic
647 3008 816 3062 adversarius
833 3010 861 3062 in
876 3008 978 3063 bellum
995 3008 1107 3062 dificile
1125 3008 1229 3073 incidit,
1248 3014 1329 3077 atquc

230 3080 353 3132 devictus
373 3089 400 3131 et
418 3096 525 3133 suorum
544 3082 673 3149 plurimos
685 3084 808 3135 amittens
830 3083 970 3151 magisque
988 3082 1159 3144 Francorum,
1179 3088 1205 3131 et
1223 3080 1282 3147 ipse
1300 3082 1328 3133 iu

229 3160 403 3219 conspectum
421 3154 481 3205 duci
501 3156 640 3221 oppositus
659 3161 686 3205 et
704 3154 737 3205 ab
758 3168 790 3204 eo
810 3154 949 3206 coniectus
967 3155 994 3206 in
1014 3152 1221 3205 Thessalonicae
1240 3166 1329 3204 arcem

230 3223 361 3292 conlegit,
380 3232 475 3291 putans
495 3224 599 3277 castelli
618 3225 700 3277 muris
718 3224 821 3276 lucrum
841 3225 892 3276 sibi
911 3224 1058 3277 conciliare
1078 3231 1105 3275 et
1122 3224 1328 3275 recreationem.
1353 3270 1354 3275 ,

100 3347 115 3362 ,
228 3296 366 3363 Augustus
385 3303 472 3347 autem
485 3295 553 3347 nihil
574 3297 680 3347 omnino
701 3312 796 3349 curans
816 3298 1019 3363 occupationem
1042 3294 1147 3349 castelli
1166 3296 1220 3348 suis
1239 3297 1330 3363 impo-

228 3358 300 3420 suit'r
327 3366 360 3418 lri-
374 3374 462 3419 autem
480 3367 616 3420 machinas
644 3369 769 3421 eilicaces
795 3368 924 3420 iacientes
952 3378 978 3421 et
998 3366 1330 3419 inc‘olas'lhessaloaices

227 3438 279 3491 sibi
298 3438 457 3491 conciliatos
476 3438 606 3492 habentes
626 3440 753 3492 celeriter
773 3439 823 3492 hoc
837 3442 989 3507 superiores
1008 3440 1107 3492 flebant
1126 3448 1153 3491 et
1171 3454 1232 3489 aree
1252 3438 1331 3505 potiti

227 3519 304 3566 sont:
325 3519 405 3578 atque
426 3519 518 3577 captus
539 3510 583 3563 hic
605 3520 631 3563 et
649 3514 756 3565 vincture
771 3522 798 3564 et
815 3521 987 3579 tyrannorum
1001 3512 1064 3579 lege
1079 3511 1214 3565 damnatus
1233 3512 1330 3563 missus

229 3591 272 3636 est
289 3583 321 3633 ad
340 3597 442 3650 regem,
462 3582 577 3649 publicis
597 3585 672 3651 equis
692 3592 777 3640 nctus,
814 3586 906 3637 nuntio
926 3593 1013 3635 autem
1028 3582 1080 3634 hoc
1100 3582 1238 3634 obtinente
1256 3584 1330 3649 regis

228 3655 437 3717 consolarium
457 3655 554 3706 editum
575 3662 624 3717 est,
644 3655 811 3723 ut'pupillae
823 3654 1157 3725 pungerentur-oculorum
1176 3661 1329 3719 apostatae:

228 3733 310 3793 atque
328 3722 381 3775 hoc
400 3724 470 3776 iacto
488 3725 534 3775 ubi
553 3727 580 3776 in
599 3727 697 3777 itinere
717 3727 742 3777 ei
761 3726 865 3779 obviam
878 3736 1020 3791 venerunt,
1039 3726 1149 3779 advenit
1167 3740 1256 3790 curru,
1278 3726 1330 3776 mi.

230 3802 318 3849 serum
338 3809 406 3846 onus
426 3803 453 3846 et
471 3795 567 3848 infelix
579 3798 780 3851 diversorium:
805 3800 877 3867 regis
902 3806 988 3851 autem
1009 3801 1036 3851 in
1056 3798 1134 3849 deum
1152 3797 1238 3865 gratia
1256 3805 1285 3848 et
1303 3798 1330 3847 in

227 3866 364 3921 subiectos
383 3867 513 3920 beneficia
536 3877 566 3921 et
582 3869 692 3921 diurnae
712 3870 871 3939 largitiones
889 3886 1022 3939 nunquam
1040 3870 1224 3923 remissionem
1244 3857 1330 3921 lrabe-

227 3940 302 4004 bant,
322 3947 350 3991 et
368 3940 395 3989 in
414 3954 544 4006 praeceps
564 3940 775 3994 effundebantur.

327 4028 395 4081 llum
424 4038 512 4081 autern
532 4031 666 4082 exereitus
693 4028 899 4084 Thessalonicae
918 4014 1081 4095 versantur,
1097 4028 1213 4096 Scythae
1233 4027 1334 4081 solitu.-

235 4100 323 4153 ‹linern
350 4115 441 4153 eorum
468 4100 544 4152 lucro
573 4111 739 4169 apponentes
764 4104 939 4171 Adrianopoli
968 4104 1230 4172 appropinquarunt,
1254 4108 1335 4169 atque

237 4178 312 4228 extra
321 4172 428 4226 moenia
447 4172 568 4226 aedificia
586 4176 708 4252 aggressi
727 4174 917 4230 auxiliantibus
936 4176 969 4231 iis
991 4177 1068 4229 etiam
1087 4191 1120 4227 ex
1137 4173 1335 4245 pugnacissime
